3266 4918
680 236 902 300 ..57-

204 429 305 514 gestis
328 429 503 496 invidisset
525 435 558 495 et
580 430 755 510 timuisset,
780 450 823 494 ne
838 428 1015 515 imperium
1030 428 1085 494 ille
1106 433 1274 515 appeteret
1288 424 1380 513 (000.

204 534 247 614 ΙΙ,
272 536 302 600 5.
329 537 379 600 22.
413 533 475 618 26).
528 535 593 601 Sed
622 537 703 601 alias
734 556 856 620 easque
887 534 992 600 100000
1026 534 1128 600 101000
1160 554 1287 613 000000,
1321 553 1382 599 cur

205 641 356 706 Tiberius
384 641 622 708 Germanicum
650 648 819 710 revocaret
849 640 902 728 (cf.
936 663 1014 706 ann.
1038 641 1082 720 II,
1107 637 1170 725 26),
1202 660 1244 705 ex
1274 637 1379 723 ipsius

205 745 423 832 descriptione
461 748 540 814 satis
569 753 679 834 potest
706 749 874 834 cognosci;
906 767 986 812 nam
1011 745 1239 824 Germanicus
1264 763 1380 831 quam·

205 872 307 936 quam
331 853 462 938 magnis
485 854 616 938 proeliis
639 855 825 920 commissis
843 854 955 918 hostes
979 873 1109 939 semper
1128 851 1216 943 fudit
1238 849 1379 935 fugavit-

204 978 279 1042 que,
297 964 411 1023 000]θο
427 959 610 1026 commodis
633 961 680 1027 rei
695 959 849 1046 publicae
864 959 1037 1024 Romanae
1053 979 1121 1023 non
1137 958 1184 1022 ita
1199 955 1377 1035 consuluit,

205 1069 244 1128 ut
266 1063 463 1130 detrimenta
495 1087 581 1151 quae
616 1068 703 1153 cepit
733 1087 858 1152 magna
889 1070 1075 1143 excusaret;
1112 1063 1152 1128 cf.
1186 1063 1263 1128 Tac.
1298 1082 1377 1127 000.

205 1191 283 1234 curn
305 1169 331 1249 I,
356 1171 487 1238 55-71
513 1179 545 1236 et
566 1173 609 1252 II,
635 1175 744 1239 5-26
768 1178 842 1237 tum
864 1172 908 1251 Π,
932 1172 953 1237 5
976 1176 1009 1235 00
1032 1171 1084 1236 24.
1119 1169 1220 1234 Porro
1243 1169 1379 1233 Tacitus

205 1275 443 1342 Germanicum
466 1297 486 1342 0
508 1277 639 1344 Tiberio
661 1280 699 1343 in
730 1278 891 1344 orientem
924 1277 1065 1342 missum
1094 1296 1164 1341 0000
1195 1273 1313 1353 reddit,
1340 1279 1379 1338 ut

208 1383 295 1448 «doio
322 1384 418 1448 simol
441 1385 617 1450 cicuribus
640 1385 865 1450 obiectaretur»
892 1381 1048 1470 (00011,
1073 1384 1103 1448 5.
1127 1378 1191 1464 42).
1239 1381 1315 1458 Qua
1342 1379 1378 1444 10

203 1507 239 1552 re
261 1508 365 1573 aeque
388 1487 519 1554 Tiberio
542 1489 680 1576 iniquus
701 1490 872 1556 invenitur
894 1495 995 1574 atque
1023 1487 1211 1566 Suetonius,
1236 1506 1377 1572 praeser-

203 1594 264 1658 tim
288 1615 375 1673 cum,
400 1595 523 1679 quibus
545 1595 647 1661 rebus
671 1595 823 1660 Tiberius
847 1600 1034 1661 commotus
1057 1598 1151 1671 esset,
1176 1598 1215 1656 ut
1243 1591 1376 1655 Germa-

203 1700 318 1765 uioum
340 1701 376 1765 10
399 1701 560 1767 orientem
583 1703 736 1782 mitteret,
761 1703 831 1787 ipse
854 1701 1033 1767 reddiderit
1047 1698 1137 1786 (ann.
1154 1699 1196 1777 II,
1212 1695 1278 1782 43).
1310 1693 1377 1786 Sed

202 1805 341 1891 longum
373 1812 422 1871 cst
444 1807 541 1892 plura
556 1809 672 1874 afferre
688 1815 894 1895 argumenta,
911 1807 1034 1893 quibus
1049 1805 1205 1890 iniquum
1220 1802 1375 1868 Tacitum

203 1911 304 1976 fuisse
322 1911 454 1978 Tiberio
477 1915 729 1981 demonstretur.
776 1911 865 1979 ¹Satis
883 1913 1096 1999 perspicuum
1119 1917 1169 1976 est
1191 1910 1222 1975 ei
1241 1927 1375 1993 quoque

202 2018 373 2098 rationem,
388 2039 474 2104 quae
485 2020 617 2086 Tiberio
633 2041 711 2086 curn
724 2020 922 2086 Gennanico
937 2017 1165 2095 intercesserit,
1177 2013 1375 2080 describenti

202 2144 361 2208 maguam
383 2124 485 2190 fidem
507 2146 576 2190 non
600 2147 670 2192 0000
693 2125 914 2192 tribuendam.

289 2229 391 2295 Porro
407 2230 530 2296 falsum
559 2230 776 2297 reddiderunt
798 2252 966 2297 rumorem
991 2239 1023 2295 et
1046 2229 1181 2294 Tacitus
1205 2232 1238 2292 et
1261 2225 1374 2292 Sueto·

201 2333 287 2413 nius,
312 2355 390 2400 cum
420 2342 589 2401 auctorem
613 2339 727 2403 mortis
751 2337 941 2416 Germanici
958 2337 1128 2401 Tiberium
1145 2333 1374 2399 existimatum

202 2459 273 2504 esse
284 2441 488 2525 scripserunt
502 2441 591 2528 (ann.
607 2442 650 2521 Π,
668 2445 720 2508 43.
738 2445 796 2522 82;
813 2444 874 2522 ΠΙ,
894 2445 948 2522 16;
969 2443 1058 2508 Suet.
1076 2441 1148 2506 Tib.
1167 2437 1230 2525 52).
1255 2439 1373 2523 Neque

201 2545 291 2611 enim
313 2545 466 2612 Tiberius
489 2546 726 2614 Germanicum
756 2550 902 2617 invisum
926 2548 1046 2614 habuit
1068 2568 1178 2634 neque
1201 2544 1372 2611 sublatum

200 2671 277 2717 eum
301 2673 420 2738 cupere
442 2654 560 2738 potuit,
584 2655 776 2740 praesertim
800 2676 877 2720 cum
898 2656 974 2721 vivo
998 2675 1036 2719 eo
1052 2652 1255 2740 Agrippinae
1271 2649 1371 2716 avidi-

199 2763 249 2823 tas
264 2759 359 2844 regni
373 2766 588 2840 coerceretur;
614 2761 655 2826 of.
679 2782 710 2846 p.
736 2763 777 2827 51
791 2782 840 2847 sq.
872 2761 966 2838 Quae
990 2782 1066 2826 cum
1089 2761 1137 2826 100
1159 2759 1234 2838 0100,
1259 2762 1372 2822 00000-

198 2885 268 2929 rem
299 2863 396 2929 illum
419 2865 550 2931 Tiberio
568 2865 832 2944 infestissimum,
857 2887 924 2950 quo
940 2866 1013 2932 aliis
1028 2867 1063 2931 in
1078 2865 1178 2932 rebus
1196 2861 1371 2929 narrandis

199 2989 254 3034 eos
269 2990 347 3035 usos
368 2991 439 3036 esse
454 2992 555 3056 supra
570 2971 772 3057 explicatum
790 2977 848 3052 cst,
866 2978 898 3037 et
909 2973 973 3037 Dio
989 2979 1022 3038 et
1037 2972 1215 3038 Suetonius
1232 2977 1264 3034 et
1279 2970 1370 3035 Taci-

198 3081 252 3140 tus
265 3074 330 3140 hoc
339 3096 472 3160 quoque
482 3076 564 3156 loco,
577 3098 644 3162 quo
656 3077 827 3143 Tiberium
840 3077 1000 3144 laetatum
1016 3099 1086 3144 esse
1097 3077 1248 3143 scribunt
1264 3080 1371 3141 morte

198 3181 398 3260 Germanici,
422 3182 527 3248 secuti
551 3183 708 3249 videntur
731 3205 810 3249 esse.
858 3183 962 3249 Cuius
984 3185 1086 3251 verba
1108 3190 1188 3249 sunt
1211 3203 1258 3260 ea,
1283 3201 1371 3266 quae

197 3293 313 3352 extant
335 3287 411 3353 Tac.
437 3308 515 3354 ann.
540 3289 583 3366 11,
609 3291 666 3354 77:
695 3297 759 3356 «est
782 3289 940 3376 01010011.
966 3290 1088 3372 Ρ10001,
1113 3292 1170 3376 001
1199 3289 1370 3355 Germani·

197 3414 273 3458 oum
297 3393 500 3460 interfecisse
516 3393 697 3480 dicebatur)
716 3395 866 3462 Caesaris
879 3399 980 3479 favor,
997 3401 1052 3464 scd
1068 3397 1266 3464 inocculto».
1299 3394 1331 3458 N
1333 3415 1370 3459 00

196 3519 265 3563 uon
288 3499 404 3565 eodem
428 3521 510 3566 usus
534 3501 671 3567 Tacitus
702 3523 753 3568 res
786 3503 885 3568 00010
913 3506 1043 3570 17-19
1072 3508 1190 3588 gestes
1216 3521 1302 3587 0000
1325 3500 1369 3565 ad

197 3603 435 3670 Germanicum
459 3613 617 3692 spectant,
650 3614 720 3672 tam
750 3608 823 3674 fuse
854 3611 963 3694 potuit
986 3629 1132 3675 narrare:
1157 3609 1199 3687 ΙΙ,
1224 3610 1367 3675 53—61.

197 3710 428 3789 69-843111,
456 3712 572 3779 1-18.

285 3816 453 3893 Quoniam
476 3838 543 3902 quo
566 3817 666 3883 modo
690 3818 837 3887 Velleius
870 3820 911 3886 de
934 3821 1065 3886 Tiberio
1093 3821 1195 3908 egerit
1221 3820 1367 3889 vidimus

194 3928 227 3988 00
254 3922 295 3988 de
317 3921 512 3988 hominibus
534 3923 588 3990 vel
610 3923 871 4012 propinquitatis
895 3927 947 3994 vel
974 3926 1145 3995 affinitatis
1173 3929 1315 3995 vinculis
1338 3931 1369 3997 ei

194 4028 388 4108 coniunctis,
405 4027 443 4092 in
457 4034 605 4094 extrema
624 4033 913 4113 commentatione,
931 4032 1012 4118 quid
1029 4055 1097 4119 quo
1113 4034 1214 4101 modo
1230 4035 1369 4120 scriptor

193 4135 371 4198 memoriae
407 4133 588 4219 prodiderit
621 4135 663 4201 de
701 4137 793 4202 aliis
834 4139 1086 4220 hominibus,
1126 4142 1366 4208 examinemus.

194 4233 293 4312 Quod
325 4238 371 4304 100
394 4240 578 4320 instituam,
611 4247 650 4306 00
670 4243 826 4328 primum,
856 4265 977 4312 verane
996 4246 1064 4311 sint
1088 4267 1127 4312 ea
1148 4268 1235 4331 quae
1255 4253 1368 4313 narrat
