3266 4918
675 215 896 280 „37-

305 409 418 494 Atque
450 407 548 473 etiam
582 412 697 472 auctor
731 413 801 472 erat
834 413 968 496 senatus
1001 407 1143 472 consulti
1169 429 1227 472 «ne
1250 408 1374 472 decreta

300 523 436 598 patrnrn
458 522 531 581 ante
554 516 637 580 diern
654 515 808 580 decirnnnn
824 516 867 579 ad
883 516 1046 580 aerarinrn
1062 514 1262 596 deferrentur
1279 514 1374 595 idqne

306 625 389 688 citae
410 624 551 703 spatiani
574 622 736 686 darnnatis
751 628 1020 704 proreperetnr»;
1052 619 1092 684 ct.
1127 640 1203 684 ann.
1234 619 1293 697 HI,
1319 619 1371 682 51.

199 729 259 807 ΠΙ,
284 729 415 793 37-38
432 727 568 792 Tacitus
592 726 707 791 scribit
724 726 821 792 haec:
850 728 1035 792 «Tiberiani
1050 728 1151 792 rnalas
1170 747 1265 792 cnras
1287 747 1374 790 ener-

307 855 387 914 cere;
410 855 473 900 ncn
497 836 580 898 enirn
607 834 763 912 Tiberias,
787 854 850 898 non
866 839 1062 898 accusatores
1083 833 1301 913 fatiscebant».
1332 831 1373 896 In

306 939 346 1004 iis
370 945 491 1018 autern,
517 959 603 1024 quae
627 944 823 1023 sequuntur,
854 937 937 1003 duos
961 938 1122 1003 delatores
1145 938 1280 1024 punitos
1304 957 1374 1002 esse

307 1045 468 1129 scriptum
491 1051 554 1124 est,
590 1047 693 1127 «qnod
713 1048 796 1127 dctis
818 1047 993 1110 maiestatis
1016 1046 1202 1110 criminilns
1224 1045 1374 1126 Mapinnr

312 1150 529 1217 Caecilianam
546 1159 728 1232 praeterera
745 1153 963 1232 petivissent»,
988 1155 1021 1214 et
1036 1149 1190 1216 Caesium
1215 1149 1372 1228 Cordum,

308 1255 423 1322 Cretae
461 1257 707 1341 proconsulem,
748 1255 1008 1343 repetundarum
1047 1254 1245 1320 damnatum
1283 1253 1372 1342 (ann.

307 1361 365 1439 ΙΠ,
392 1359 446 1446 70)
469 1368 502 1427 et
517 1362 736 1428 Macedonem
759 1361 929 1447 quendam
957 1364 1157 1429 «turbidam»
1185 1361 1371 1446 expulsum.

200 1467 260 1544 ΠΙ,
286 1469 428 1547 66-68,
462 1474 495 1533 et
517 1468 640 1534 Tiberii
663 1469 812 1553 increpat
844 1467 1073 1534 crudelitatem
1104 1473 1137 1532 et
1165 1472 1373 1532 accusatores

306 1573 461 1659 obiurgat
477 1578 509 1638 O.
527 1573 641 1652 Silani,
659 1573 866 1659 proconsulis
889 1573 998 1641 Asiae.
1034 1573 1147 1639 Nihilo
1171 1573 1284 1638 minus
1302 1573 1373 1658 ipse

308 1685 339 1743 et
368 1679 450 1745 haec
482 1679 584 1747 verba
613 1679 738 1744 scribit:
779 1701 854 1746 «nec
877 1681 1008 1744 dnlinrn
1030 1681 1202 1746 halebatur
1224 1680 1374 1745 saevitiae

309 1792 535 1868 captarnmqne
551 1788 765 1866 pecnnlarnnn
788 1789 889 1852 teneri
910 1807 1031 1863 renrn»,
1061 1789 1094 1850 et
1116 1785 1203 1852 cives
1226 1785 1371 1863 urbium,

308 1911 392 1975 quas
427 1891 594 1956 feneratus
630 1897 714 1957 esset
743 1891 886 1971 Silanus
921 1898 1031 1978 gratos
1055 1891 1186 1957 Tiberio
1208 1890 1373 1974 matrique

308 1998 378 2062 eius
402 2019 441 2063 ac
464 1999 595 2064 senatui
618 1998 782 2084 templum
807 1997 999 2065 decrevisse.

200 2103 260 2184 IV,
288 2106 417 2170 18-19
453 2110 660 2170 accusatores
691 2104 860 2169 immissos
891 2125 961 2170 esse
995 2109 1109 2169 narrat
1130 2104 1167 2167 in
1191 2102 1226 2167 Ο.
1252 2101 1372 2167 Silium

307 2210 439 2276 Tiberio
462 2211 610 2277 invisum
633 2216 766 2295 propter
780 2210 971 2289 amicitiam,
997 2231 1083 2295 quae
1105 2209 1152 2274 illi
1174 2207 1371 2274 intercessis-

307 2321 356 2380 set
389 2336 467 2380 cum
500 2315 707 2381 Germanica.
755 2315 824 2380 Nec
854 2337 931 2383 vero
954 2316 1106 2381 Tiberius
1134 2315 1372 2380 Germanicum

306 2420 454 2486 invisum
485 2421 605 2486 habuit
635 2443 745 2506 neque
768 2421 868 2487 Silius
903 2421 943 2487 de
972 2422 1036 2488 alio
1060 2423 1197 2488 crimine
1220 2419 1372 2487 condem·

307 2535 406 2593 natus
430 2535 480 2594 est
502 2528 567 2594 nisi
591 2529 631 2594 de
654 2529 856 2614 repetundis,
881 2550 1025 2614 quarum
1048 2550 1082 2595 re
1106 2549 1183 2596 vera
1206 2534 1275 2594 erat
1298 2549 1372 2593 con-

306 2634 424 2700 victus

288 2739 377 2807 Vera
398 2741 500 2826 igitur
522 2761 561 2806 ac
583 2743 671 2807 iusta
692 2748 772 2807 sunt
788 2742 887 2808 verba
908 2741 974 2821 illa,
999 2763 1086 2827 quae
1109 2742 1187 2807 facit
1210 2741 1250 2806 de
1266 2739 1373 2805 Taciti

201 2845 366 2910 scribendi
388 2847 516 2912 ratione
538 2847 658 2912 Ranke
679 2849 739 2926 ΙΙΙ,
766 2850 794 2927 2,
819 2870 851 2933 p.
878 2850 956 2913 293:
986 2849 1111 2932 „dailei
1132 2849 1276 2918 diderint
1300 2868 1371 2933 mog

200 2949 309 3036 [trater
333 2952 403 3022 obet
426 2953 585 3040 ercariaco,
611 2978 641 3024 er
665 2954 740 3024 roirb
764 2955 880 3023 diescit
906 2955 961 3023 mit
985 2953 1183 3040 collustrabat
1207 2952 1371 3038 illituudt

200 3057 388 3138 beboabrlt“.
435 3058 593 3125 Similiter
624 3066 736 3125 autem
772 3065 873 3145 atque
896 3059 1030 3124 Tacitus
1065 3060 1128 3125 Dio
1151 3060 1228 3144 agit,
1260 3066 1298 3123 ut
1321 3058 1371 3122 Ti·

200 3161 329 3227 berium
364 3163 466 3229 luisse
498 3186 634 3231 saevum
667 3165 793 3251 probet.
841 3164 941 3242 Quod
972 3186 1039 3250 quo
1070 3166 1141 3230 iure
1175 3166 1302 3231 dictum
1330 3166 1373 3232 sit

199 3268 350 3349 breviter,
375 3271 403 3335 si
424 3270 541 3356 placet,
566 3272 776 3356 explicamus.

200 3375 253 3455 57,
280 3378 331 3456 15,
364 3376 428 3442 Dio
450 3376 612 3442 iudicium
645 3378 771 3442 factum
804 3399 874 3442 esse
903 3384 1016 3443 narrat
1039 3377 1081 3443 de
1102 3378 1212 3443 Druso
1235 3379 1371 3459 Libone,

307 3503 386 3546 cum
401 3483 517 3548 morbo
534 3490 702 3569 correptus
719 3489 803 3548 esset
819 3481 1002 3571 (νοσήσαντα
1016 3483 1219 3572 inridenter).
1237 3487 1372 3552 Tacitus

305 3595 429 3669 autem,
465 3591 524 3674 qui
556 3591 629 3655 fuse
651 3591 715 3655 hoe
737 3589 900 3656 iudicium
923 3597 1036 3656 narrat
1058 3611 1136 3655 ann.
1161 3593 1203 3671 ΙΙ,
1229 3593 1370 3672 27-32,

307 3694 421 3760 scribit
443 3695 540 3760 haec:
570 3699 640 3763 «die
662 3706 790 3764 senatns
813 3705 896 3764 rnetn
920 3705 948 3762 et
963 3699 1161 3780 aepritndine
1175 3699 1279 3778 fessas
1298 3701 1371 3776 sice,

307 3808 343 3866 nt
376 3803 538 3868 tradidere
572 3806 711 3886 qnidam,
744 3805 892 3869 sirnnlato
921 3805 1026 3868 »norbo
1053 3805 1160 3868 lectica
1184 3805 1306 3869 delatns
1330 3806 1373 3870 ad

305 3909 391 3988 fores
414 3911 554 3975 cariae».

199 4011 317 4098 Neque
339 4015 446 4100 magis
469 4014 589 4079 liberos
609 4021 642 4080 et
657 4015 743 4082 cives
767 4014 933 4080 aTiberio
949 4015 1122 4080 tormentis
1147 4013 1275 4079 deditos
1292 4035 1370 4093 esse,

305 4119 342 4183 id
373 4119 465 4205 quod
499 4119 608 4185 reddit
640 4121 692 4200 57,
720 4123 769 4199 19,
806 4120 941 4186 Tacitus
968 4141 1028 4205 pro
1052 4126 1219 4207 comperto
1242 4119 1370 4184 babuit.

307 4223 382 4300 Quo
414 4225 487 4290 loco
519 4226 662 4291 Dionem
693 4245 731 4291 ea
763 4225 898 4292 reddere
931 4226 1074 4294 voluisse
1108 4225 1285 4293 verisimile
1312 4231 1370 4304 est,
