3266 4918
710 243 931 306 „14..

234 435 364 500 berium
387 455 477 502 anno
501 438 521 501 2
544 457 577 522 p.
602 435 678 501 Chr.
704 457 737 500 n.
760 436 882 502 Rhodo
905 437 939 502 in
957 436 1074 502 urbem
1097 457 1285 522 regressum
1306 437 1406 520 paulo

233 547 310 628 post
323 541 343 606 i.
362 562 390 606 e.
414 562 504 606 anno
528 544 558 622 3,
583 563 651 627 quo
674 561 764 606 anno
787 542 912 607 Lucius
935 549 1087 608 mortuus
1110 548 1142 607 ct
1166 542 1270 606 Gaius
1293 541 1406 609 vulne·

233 654 325 713 ratus
349 654 406 727 est,
432 648 589 735 adoptare
604 648 718 728 voluit,
743 649 811 727 sed,
836 670 915 714 cum
929 649 1082 714 'liberius
1101 655 1309 734 repugnaret,
1328 653 1407 713 ante

234 773 362 820 annum
379 759 548 838 quartum,
571 775 639 839 quo
662 775 752 820 anno
776 754 881 820 Gaius
905 755 974 822 vita
997 754 1138 820 decessit
1161 752 1216 840 (m.
1241 754 1338 820 Febr.
1364 753 1405 821 cf.

233 859 352 925 Ranke
374 859 433 939 HI,
461 863 489 939 1,
513 882 544 946 p.
570 863 623 940 46,
648 861 725 926 adn.
752 859 792 946 2),
817 881 969 946 arrogare
992 882 1061 926 non
1083 861 1205 946 potuit.

323 965 401 1031 Jarn
424 966 465 1031 de
487 967 612 1032 laetitia
634 966 692 1030 illa
715 966 875 1044 dicamus,
900 986 1002 1051 quarn
1026 966 1196 1031 Romanos
1220 987 1260 1030 ex
1283 964 1407 1029 'liberii

234 1072 412 1159 adoptione
446 1072 570 1158 cepisse
592 1071 741 1139 Velleius
772 1071 886 1137 scribit
911 1074 984 1150 103,
1008 1075 1031 1136 4
1053 1093 1102 1157 sq.
1149 1070 1225 1148 Quo
1247 1070 1320 1136 leco
1344 1069 1405 1134 dis-

234 1199 366 1265 crepare
388 1177 519 1245 videtur
534 1198 555 1242 a
569 1177 686 1256 Dione,
705 1177 764 1263 qui
787 1178 840 1257 57,
865 1180 886 1242 3
909 1178 1061 1243 homines
1085 1197 1105 1241 a
1127 1176 1258 1242 Tiberio
1282 1174 1406 1239 alienos

233 1283 335 1350 fuisse
369 1289 490 1349 narrat.
530 1283 690 1348 Attamen
719 1282 848 1349 Velleio
879 1282 962 1348 fides
993 1281 1150 1347 habenda
1182 1286 1240 1346 est.
1288 1280 1406 1366 Neque

233 1388 324 1454 enirn
347 1387 558 1475 intellegitur,
582 1387 675 1453 unde
697 1388 824 1453 factum
848 1387 899 1468 sit,
924 1394 963 1454 ut
979 1388 1133 1466 Romani,
1157 1387 1217 1472 qui
1238 1385 1303 1452 illis
1325 1391 1404 1450 tem·

233 1495 369 1581 poribus
400 1493 443 1558 ad
474 1499 602 1558 tantam
636 1492 863 1559 adulationem
887 1493 1013 1579 delapsi
1035 1499 1137 1572 erant,
1167 1498 1206 1557 ut
1228 1512 1405 1578 quaecum·

232 1621 298 1686 que
320 1601 473 1686 princeps
496 1600 617 1665 faceret
639 1599 894 1686 comprobarent
916 1596 967 1685 (οῖ’.
989 1599 1066 1665 Tac.
1084 1619 1162 1663 ann.
1187 1597 1213 1677 l,
1240 1600 1269 1677 1,
1295 1600 1402 1676 tetc.;

232 1706 292 1785 ΙΠ,
319 1707 351 1771 1;
381 1727 476 1788 ‹pars
498 1707 638 1787 effictum
660 1709 696 1771 tu
712 1708 895 1787 prtucebem
917 1702 1025 1789 retia),
1050 1725 1120 1769 non
1135 1703 1406 1769 adularentur

232 1812 412 1891 Tiberium,
437 1810 480 1877 ad
504 1833 606 1897 quem
629 1809 804 1897 Augustus
827 1832 943 1877 omnes
967 1817 1157 1896 congereret
1177 1810 1336 1888 honores;
1361 1809 1402 1874 of.

233 1917 322 1983 Suet.
347 1917 421 1982 Tib.
448 1918 505 1983 15:
529 1919 612 1983 uitet
634 1939 672 1983 erc
695 1939 728 1983 eo
741 1925 884 1999 'tempore
900 1919 1165 1999 praetermissum
1189 1923 1234 1981 est
1249 1917 1293 1980 ud
1307 1917 1404 1981 mote-

232 2031 345 2090 etuteru
368 2026 436 2090 etue
458 2026 667 2106 crepandum».
714 2022 885 2088 Praeterea
908 2022 1060 2087 Tiberius
1083 2043 1153 2086 non
1174 2022 1267 2086 omni
1288 2021 1405 2107 populi

232 2128 364 2195 videtur
387 2129 531 2194 caruisse
563 2147 711 2206 amore;
744 2148 824 2193 nam
848 2127 1028 2193 Suetonius
1050 2127 1123 2193 Tib.
1151 2129 1193 2192 10
1216 2147 1294 2192 eum
1316 2126 1404 2192 Rho·

233 2235 317 2300 dum
340 2233 519 2301 decessisse
541 2239 663 2313 narrat,
697 2240 735 2299 ut
759 2233 887 2300 civibus
911 2253 1014 2318 quarn
1037 2234 1225 2299 maximum
1249 2232 1302 2298 sui
1324 2231 1405 2297 desi·

232 2340 363 2405 derium
385 2342 556 2420 incuteret,
582 2346 616 2405 et
643 2340 717 2405 Tib.
746 2342 787 2405 12
816 2340 931 2405 scribit
953 2339 1048 2404 haec:
1087 2342 1229 2406 «nemine
1253 2361 1323 2406 cum
1347 2339 1405 2404 im·

226 2449 319 2528 perio
335 2455 393 2512 oet
404 2449 594 2530 magistratu
610 2449 751 2513 tendente
766 2468 931 2530 quoquam,
949 2449 1027 2529 quin
1042 2447 1213 2512 deuerteret
1224 2446 1403 2512 Rhodum».

232 2552 516 2638 Atquerumerem
527 2552 1189 2637 Diovideturreddidissedivolgatumab
1198 2552 1403 2632 hominibus

231 2659 290 2744 qui
305 2657 405 2724 alieni
420 2666 531 2724 essent
546 2679 566 2724 a
583 2659 723 2737 Tiberio,
741 2658 891 2724 similiter
906 2664 1006 2744 atque
1021 2658 1157 2724 Tacitus
1179 2678 1258 2723 ann.
1281 2659 1326 2738 Π,
1350 2661 1402 2726 84.

233 2764 308 2841 Quo
331 2764 403 2830 loco
432 2765 488 2830 hic
519 2765 682 2851 populum
715 2764 861 2831 doluisse
897 2771 1012 2829 narrat
1043 2764 1084 2829 de
1116 2762 1249 2829 duobus
1281 2764 1405 2830 Tiberii

231 2870 409 2958 nepotibus
432 2893 473 2937 ex
489 2872 592 2951 Livia,
618 2872 720 2937 Drusi
744 2893 857 2951 uxore,
879 2872 975 2937 natis.
1007 2872 1124 2957 Neque
1139 2877 1252 2936 tamen
1269 2890 1403 2935 omnem

231 2977 394 3064 populum
417 2978 465 3042 ite
480 2979 585 3064 egisse
600 2977 777 3045 verisimile
793 2984 851 3043 est.
883 2977 1031 3063 Uterque
1053 2978 1281 3064 scriptorque
1304 2975 1404 3041 mode

230 3084 373 3149 luissent
404 3085 509 3149 animi
539 3085 717 3150 hominum
751 3083 991 3149 nonnullorum
1018 3083 1072 3150 vel
1094 3082 1317 3169 complurium
1339 3103 1403 3147 me·

231 3189 355 3254 moriae
377 3191 509 3256 videtur
530 3189 723 3277 prodidisse.

319 3295 424 3361 Paulo
447 3302 524 3383 post
537 3296 750 3383 adoptionem
766 3295 937 3361 Tiberium
960 3296 1102 3361 missum
1118 3315 1189 3360 esse
1211 3293 1254 3359 ad
1277 3294 1403 3360 bellurn

229 3401 271 3466 in
303 3400 527 3468 Germania
566 3403 752 3488 gerendum
792 3401 940 3468 Velleius
977 3408 1091 3467 narrat
1127 3402 1200 3480 104,
1225 3403 1255 3466 2.
1303 3400 1401 3478 Quod

230 3506 448 3572 confirmatur
479 3515 511 3573 et
541 3529 562 3574 a
595 3508 753 3574 Suetonio
783 3507 857 3572 Tib,
885 3510 925 3572 16
949 3513 982 3572 et
1004 3529 1024 3572 a
1046 3507 1154 3572 Dione
1176 3507 1229 3587 55,
1257 3509 1307 3572 13.
1353 3506 1404 3572 Dc

229 3612 353 3678 laetitia
368 3634 454 3694 vere,
472 3635 575 3699 quam
591 3614 711 3680 milites
727 3635 769 3679 ex
784 3613 905 3679 'liberii
921 3613 1068 3680 adventu
1084 3613 1208 3699 cepisse
1228 3611 1282 3678 ille
1302 3613 1404 3678 tradit

232 3719 305 3797 104,
323 3721 413 3804 3sq.,
430 3721 516 3786 alius
532 3720 670 3807 scriptor
691 3739 753 3785 nos
768 3741 838 3784 non
854 3718 977 3785 edocet.
1003 3719 1119 3804 Neque
1135 3725 1248 3784 tamen
1263 3719 1404 3803 Stanger

229 3823 417 3890 audiendus
445 3832 503 3906 est,
538 3826 597 3911 qui
620 3824 787 3892 Velleium
817 3825 882 3890 hcc
915 3825 988 3890 loeo
1022 3824 1229 3890 adulatorem
1259 3823 1402 3890 inveniri

229 3935 324 4016 putet
347 3929 389 4016 (p.
416 3929 477 4011 16).
512 3931 589 3997 Non
605 3931 695 3996 enim
718 3931 767 4010 iis,
793 3951 880 4016 quae
894 3930 1043 3998 Velleius
1067 3931 1188 4009 scribit,
1213 3935 1401 4016 repugnant

229 4037 330 4102 verba
366 4036 499 4116 Dionia,
541 4037 665 4122 quibus
703 4038 756 4116 55,
790 4039 832 4102 23
879 4037 1025 4102 militurn
1063 4037 1193 4102 animos
1231 4036 1398 4103 describit:

232 4145 400 4228 «χαλεπῶς
422 4143 456 4206 δὲ
480 4144 518 4229 δὴ
542 4154 808 4228 reremaneret
831 4147 908 4227 πρὸς
931 4146 984 4229 τὴν
1007 4154 1065 4207 τῶν
1082 4143 1189 4207 ἄθλων
1213 4148 1400 4227 σμικρότητα

230 4249 281 4312 διὰ
302 4251 373 4321 τοὺς
396 4246 550 4334 πολέμους
572 4252 643 4321 τοὺς
666 4255 732 4314 τότε
756 4247 958 4335 ἐνεστηκότας
983 4246 1042 4333 οὔχ
1058 4247 1170 4335 ἥκιστα
1186 4246 1328 4332 ἐχόντων,
1347 4251 1401 4312 καὶ
