3266 4918
665 240 884 302 -47„.

188 435 304 514 quippe
326 439 383 496 aut
405 431 524 497 modice
545 433 691 498 lacessita
712 454 791 513 pua,
819 438 955 498 uacuae
977 432 1068 496 urbis
1090 453 1141 497 res
1163 438 1192 496 et
1207 433 1360 512 prinecps

183 538 371 619 proferendi
392 538 521 618 imperit
542 539 723 604 incuriosus
746 544 846 602 erat».

278 640 460 727 Reliquum
483 647 541 721 est,
566 648 605 707 ut
627 642 806 708 Tacitusne
832 642 978 708 maxime
1008 643 1135 708 fontem
1154 642 1361 728 exscripserit

187 769 233 813 an
256 749 319 814 Dio
341 769 386 814 an
409 747 598 824 Suetonius,
622 767 832 833 quaeramus.
878 747 991 832 Atque
1013 747 1158 826 Tacitus,
1189 753 1228 812 ut
1256 747 1359 833 polita

188 855 335 921 oratione
358 875 410 920 res
431 853 576 920 reddidit
598 851 651 939 (cf.
668 854 789 920 Nissen
804 875 837 939 p.
853 855 933 919 512:
954 855 1104 934 „Tacitut
1119 853 1155 936 iu
1171 855 1218 923 eia
1234 854 1360 939 illiciltet

188 962 239 1032 bec
261 961 472 1046 wortislaum
496 960 551 1030 bea
574 961 637 1046 ita
662 975 722 1030 aaa
747 961 797 1030 bu
820 960 928 1030 Sueto
952 960 1167 1046 borqehateuat
1187 960 1275 1045 Stati
1297 975 1359 1030 au:

190 1071 314 1139 atbeitet
337 1091 368 1138 er
390 1069 444 1138 aie
468 1067 518 1138 ba
540 1067 712 1152 Sittiana
735 1067 790 1137 bea
814 1067 906 1153 tabes
930 1064 1122 1151 9110010009,
1146 1067 1193 1130 ita
1207 1066 1359 1152 pluribus

188 1175 307 1242 verbis.
354 1173 470 1259 Neque
493 1173 582 1238 enim
605 1174 678 1254 Dio,
704 1194 771 1258 quo
790 1172 891 1237 modo
912 1193 964 1237 res
981 1177 1074 1237 actae
1090 1172 1158 1236 sint
1177 1173 1213 1236 in
1230 1177 1358 1251 senatu,

189 1282 262 1346 fuse
299 1286 413 1345 narrat
449 1301 559 1365 neque
599 1301 650 1345 res
692 1285 843 1346 externas
880 1278 1022 1364 explicat
1058 1275 1111 1362 (cf.
1150 1278 1360 1345 Horstmann

188 1411 221 1475 p.
240 1390 279 1453 11
305 1384 398 1471 sqq).
446 1385 604 1451 Similiter
626 1392 740 1450 autem
764 1391 865 1471 atque
887 1385 952 1450 Dio
976 1383 1154 1450 Suetonius
1178 1384 1255 1469 agit.
1289 1384 1360 1478 blec

188 1515 265 1562 vero
288 1492 388 1558 modo
414 1513 475 1572 res,
509 1512 594 1577 quas
625 1492 773 1559 narravit
802 1498 926 1571 auctor,
955 1490 1080 1576 optime
1106 1490 1242 1556 Tacitus
1272 1494 1359 1554 tran-

188 1601 327 1687 scripsit,
354 1597 413 1664 sed
435 1597 536 1662 etiam
558 1597 690 1677 iudicia,
715 1619 801 1683 quae
822 1597 878 1662 ille
900 1597 990 1676 fecit;
1015 1616 1096 1661 nam
1119 1595 1235 1662 eodem
1258 1595 1359 1660 modo

189 1728 256 1793 quo
278 1705 334 1770 hio
357 1703 398 1768 de
420 1703 468 1768 rei
498 1703 651 1790 publicae
677 1709 766 1769 statu
789 1703 904 1768 sensit:
938 1707 1087 1786 uterque,
1118 1722 1198 1767 cum
1221 1722 1358 1767 causam

190 1818 267 1898 agat
289 1810 511 1897 optimatium,
529 1809 636 1896 prisca
651 1816 801 1895 tempora
816 1807 983 1874 collaudat
997 1808 1044 1873 rei
1058 1807 1213 1894 publicae
1226 1807 1358 1888 liberae,

187 1919 311 2004 quibus
333 1917 432 2003 pauci
454 1916 622 1982 tenuerint
636 1937 708 1980 rem
722 1915 894 2001 publicam
909 1911 963 1999 (cf.
979 1914 1056 1979 Tac.
1074 1935 1154 1979 ann.
1169 1914 1213 1992 Π,
1230 1915 1271 1978 37
1292 1935 1356 1998 sq.;

186 2025 245 2105 lII,
271 2026 313 2090 22
337 2044 385 2108 sq.
412 2024 464 2087 27.
488 2024 551 2099 48;
571 2021 631 2101 IV,
649 2017 769 2106 3010),
787 2021 1019 2107 aprincipatu,
1037 2039 1244 2104 quamquam
1259 2019 1359 2084 saluti

187 2138 257 2196 erat
279 2128 488 2195 multitudini
503 2128 691 2207 hominum,
709 2133 822 2192 tamen
838 2133 979 2211 uterque
995 2131 1044 2190 est
1058 2125 1203 2203 alienus;
1219 2123 1259 2189 cf.
1279 2124 1357 2189 Tac.

187 2257 266 2301 ann.
289 2237 332 2315 Π,
358 2237 415 2301 88:
445 2237 540 2300 «aaa
562 2241 667 2298 cetera
691 2233 867 2299 extollimus
890 2235 1061 2298 receutiuaa
1083 2234 1268 2297 incuriosi».

277 2341 388 2425 Atque
419 2339 501 2403 haec
533 2339 705 2404 hactenus.
752 2338 839 2403 Satis
870 2359 911 2403 ex
939 2338 989 2418 iis,
1021 2357 1107 2422 quae
1139 2343 1220 2402 sunt
1247 2335 1357 2415 allata,

188 2446 348 2532 exemplis
370 2444 518 2529 intellegi
539 2450 648 2530 potest
669 2445 824 2528 iniquum
855 2445 958 2509 fuisse
984 2447 1163 2521 auctorem,
1188 2461 1290 2525 quem
1313 2462 1358 2507 se-

188 2553 257 2619 cuti
288 2551 411 2617 Tiberii
440 2571 492 2616 res
520 2556 629 2635 gestas
661 2550 840 2615 memoriae
869 2548 1087 2635 prodiderunt
1115 2548 1260 2627 Tacitus,
1284 2547 1357 2626 Dio,

187 2658 366 2724 Suetonius
389 2655 479 2743 (inde
501 2677 522 2720 a
544 2655 650 2741 capite
673 2652 738 2740 41),
767 2675 876 2740 neque
903 2655 965 2720 hos
992 2675 1089 2741 posse
1116 2653 1255 2733 obstare,
1280 2673 1358 2738 quo·

188 2766 300 2829 minus
321 2762 424 2856 tidem
448 2761 633 2827 habeamus
656 2760 794 2827 Velleio,

276 2869 444 2947 Quoniam
469 2887 589 2935 verane
612 2873 722 2933 essent
745 2888 793 2947 ea,
817 2865 968 2951 quaeda
996 2866 1151 2933 universa
1177 2865 1284 2930 forma
1307 2867 1358 2931 Ti·

189 2975 270 3040 berii
292 2974 496 3061 principatus
512 2972 660 3039 Velleius
676 2973 806 3060 scripsit
820 2973 862 3052 II,
883 2974 955 3050 126,
973 2972 1248 3052 examinavimus,
1266 2993 1359 3038 nuno

188 3080 329 3166 singula,
354 3100 440 3164 quae
462 3084 641 3144 narrantur
662 3079 705 3158 Π,
732 3081 918 3159 tae-130,
946 3085 1200 3165 perscrutemur.
1247 3079 1359 3164 Atque

187 3207 265 3256 vera
280 3206 350 3252 esse
366 3206 413 3264 ea,
430 3205 517 3270 quae
533 3183 680 3252 Velleius
695 3184 737 3250 de
751 3185 957 3270 Rhascupoli
979 3192 1218 3250 commemorat
1235 3187 1309 3264 129,
1328 3187 1357 3263 1,

187 3300 286 3360 testes
309 3298 388 3360 sunt
411 3292 547 3357 Tacitus
570 3311 648 3356 ann.
672 3291 715 3369 ΙΙ,
742 3294 785 3356 66
808 3313 856 3376 sq.
881 3298 915 3356 et
937 3291 1117 3356 Suetonius
1132 3290 1205 3356 Tib.
1224 3292 1277 3356 37.
1308 3291 1359 3356 Ea

187 3407 309 3480 autem,
334 3403 523 3484 quaesunt
548 3399 621 3476 129,
647 3398 676 3474 2,
703 3398 828 3477 omitto,
861 3397 985 3483 quippe
1008 3419 1095 3482 quae
1122 3403 1274 3483 corrupte
1296 3402 1358 3462 tra-

187 3505 319 3571 dantur.
365 3505 482 3589 Neque
504 3502 726 3588 improbanda
758 3510 837 3568 sunt
867 3503 977 3582 verba,
1006 3524 1093 3589 quae
1120 3503 1258 3589 scriptor
1280 3503 1360 3567 iacit

190 3612 263 3690 129,
288 3613 309 3676 3
332 3610 373 3675 de
395 3609 518 3674 Tiberii
539 3608 748 3688 liberalitate;
773 3629 853 3675 nam
865 3608 992 3695 'populo
1007 3609 1100 3673 hunc
1114 3609 1272 3693 largitum
1288 3629 1359 3674 esse

188 3721 352 3780 testantur
374 3715 437 3780 Dio
461 3715 513 3792 57,
542 3717 590 3780 10.
610 3717 649 3780 17
668 3721 700 3780 01
715 3715 851 3781 Tacitus
874 3736 951 3780 ann.
968 3715 995 3793 I,
1013 3717 1069 3780 75:
1093 3717 1286 3798 «eropoudao
1296 3737 1359 3796 por

188 3824 316 3888 bouesta
332 3822 488 3902 pecuniae
512 3823 671 3901 cupiens»,
695 3821 738 3902 Π,
754 3822 797 3885 47
815 3842 878 3906 sq.;
895 3820 955 3899 IV,
973 3822 993 3886 6
1008 3841 1056 3905 sq.
1076 3821 1126 3885 13.
1146 3823 1204 3898 64;
1229 3818 1279 3885 VI
1302 3822 1356 3899 17;

188 3927 289 3992 verba
320 3931 433 3991 autem
456 3925 576 3992 Vellei:
615 3934 814 3993 «sauctorum
851 3948 977 3994 ameum
1010 3927 1155 4008 captavit,
1192 3933 1228 3991 ut
1260 3948 1359 4010 aeque

188 4033 352 4097 luxurium
373 4035 524 4098 iavitaret
553 4055 651 4116 aeque
672 4035 833 4100 aueaau
854 4039 1078 4114 paupertatem
1095 4039 1263 4113 pateretur
1289 4034 1358 4115 dip-

189 4139 288 4203 011010
310 4140 456 4204 destitui»
483 4139 743 4225 comprobantur
765 4144 798 4203 et
820 4138 937 4203 Dionis
961 4137 1070 4204 verbis
1094 4139 1147 4218 57,
1174 4138 1215 4203 10
1243 4144 1275 4203 et
1297 4137 1357 4202 Ta-

190 4240 246 4305 citi
267 4243 293 4321 I,
319 4245 376 4322 75;
400 4246 442 4324 ΙΙ,
467 4247 526 4312 48:
553 4253 607 4312 aut
636 4248 795 4312 boaostuou
826 4247 1039 4311 iuuoocutium
1064 4251 1288 4328 paupertatem
1316 4245 1357 4309 lc-
