<?xml version="1.0" encoding="UTF-8"?>
<!DOCTYPE html PUBLIC "-//W3C//DTD XHTML 1.0 Transitional//EN"
    "http://www.w3.org/TR/xhtml1/DTD/xhtml1-transitional.dtd">
<html xmlns="http://www.w3.org/1999/xhtml" xml:lang="en" lang="en">
 <head>
  <title>
</title>
<meta http-equiv="Content-Type" content="text/html;charset=utf-8" />
  <meta name='ocr-system' content='tesseract 3.04.00' />
  <meta name='ocr-capabilities' content='ocr_page ocr_carea ocr_par ocr_line ocrx_word'/>
</head>
<body>
  <div class='ocr_page' id='page_1' title='image "./develleipatercu00fausgoog_0042.png"; bbox 0 0 3266 4918; ppageno 0'>
   <div class='ocr_carea' id='block_1_1' title="bbox 674 247 896 311">
    <p class='ocr_par' dir='ltr' id='par_1_1' title="bbox 674 247 896 311">
     <span class='ocr_line' id='line_1_1' title="bbox 674 247 896 311; baseline -0.005 -19"><span class='ocrx_word' id='word_1_1' title='bbox 674 247 896 311; x_wconf 75' lang='lat'><strong>..33-</strong></span> 
     </span>
    </p>
   </div>
   <div class='ocr_carea' id='block_1_2' title="bbox 197 436 1375 4225">
    <p class='ocr_par' dir='ltr' id='par_1_2' title="bbox 197 436 1375 4225">
     <span class='ocr_line' id='line_1_2' title="bbox 198 436 1373 534; baseline -0.004 -29"><span class='ocrx_word' id='word_1_2' title='bbox 198 443 333 506; x_wconf 79' lang='lat' dir='ltr'><em>laetior?</em></span> <span class='ocrx_word' id='word_1_3' title='bbox 349 441 469 534; x_wconf 69' lang='lat' dir='ltr'><em>diffinsa</em></span> <span class='ocrx_word' id='word_1_4' title='bbox 483 443 519 506; x_wconf 91' lang='lat' dir='ltr'><em>in</em></span> <span class='ocrx_word' id='word_1_5' title='bbox 534 442 665 506; x_wconf 91' lang='lat' dir='ltr'><em>orientis</em></span> <span class='ocrx_word' id='word_1_6' title='bbox 681 442 757 506; x_wconf 88' lang='lat' dir='ltr'><em>occi-</em></span> <span class='ocrx_word' id='word_1_7' title='bbox 784 436 787 525; x_wconf 70' lang='lat' dir='ltr'><em>t</em></span> <span class='ocrx_word' id='word_1_8' title='bbox 814 441 888 505; x_wconf 89' lang='lat' dir='ltr'><em>darn</em></span> <span class='ocrx_word' id='word_1_9' title='bbox 926 437 1041 522; x_wconf 83' lang='lat' dir='ltr'><em>ipnotis</em></span> <span class='ocrx_word' id='word_1_10' title='bbox 1078 459 1116 502; x_wconf 83' lang='lat' dir='ltr'><em>en</em></span> <span class='ocrx_word' id='word_1_11' title='bbox 1155 438 1245 519; x_wconf 84' lang='lat' dir='ltr'><em>fana</em></span> <span class='ocrx_word' id='word_1_12' title='bbox 1283 458 1373 501; x_wconf 88' lang='lat' dir='ltr'><em>rnan-</em></span> 
     </span>
     <span class='ocr_line' id='line_1_3' title="bbox 199 527 1373 628; baseline -0.005 -16"><span class='ocrx_word' id='word_1_13' title='bbox 199 549 361 628; x_wconf 80' lang='lat' dir='ltr'><em>dentisqne</em></span> <span class='ocrx_word' id='word_1_14' title='bbox 390 553 510 612; x_wconf 88' lang='lat' dir='ltr'><em>tractas</em></span> <span class='ocrx_word' id='word_1_15' title='bbox 544 552 572 611; x_wconf 91' lang='lat' dir='ltr'><em>et</em></span> <span class='ocrx_word' id='word_1_16' title='bbox 602 527 786 628; x_wconf 78' lang='lat' dir='ltr'><em>qnidqnidi</em></span> <span class='ocrx_word' id='word_1_17' title='bbox 814 547 993 610; x_wconf 90' lang='lat' dir='ltr'><em>dabat...</em></span> <span class='ocrx_word' id='word_1_18' title='bbox 1018 543 1128 608; x_wconf 85' lang='lat' dir='ltr'><em>Ptebcs</em></span> <span class='ocrx_word' id='word_1_19' title='bbox 1156 545 1225 607; x_wconf 90' lang='lat' dir='ltr'><em>acri</em></span> <span class='ocrx_word' id='word_1_20' title='bbox 1247 544 1373 625; x_wconf 79' lang='lat' dir='ltr'><em>qnidern</em></span> 
     </span>
     <span class='ocr_line' id='line_1_4' title="bbox 198 649 1373 733; baseline -0.003 -17"><span class='ocrx_word' id='word_1_21' title='bbox 198 655 375 718; x_wconf 82' lang='lat' dir='ltr'><em>meridiano</em></span> <span class='ocrx_word' id='word_1_22' title='bbox 406 659 463 718; x_wconf 91' lang='lat' dir='ltr'><em>ant</em></span> <span class='ocrx_word' id='word_1_23' title='bbox 488 653 696 732; x_wconf 72' lang='lat' dir='ltr'><em>septentrione</em></span> <span class='ocrx_word' id='word_1_24' title='bbox 720 651 758 731; x_wconf 72' lang='lat' dir='ltr'><em>Ji-</em></span> <span class='ocrx_word' id='word_1_25' title='bbox 813 673 941 716; x_wconf 92' lang='lat' dir='ltr'><em>annona</em></span> <span class='ocrx_word' id='word_1_26' title='bbox 962 651 1171 733; x_wconf 79' lang='lat' dir='ltr'><em>fatipabatnr,</em></span> <span class='ocrx_word' id='word_1_27' title='bbox 1194 650 1251 712; x_wconf 88' lang='lat' dir='ltr'><em>scd</em></span> <span class='ocrx_word' id='word_1_28' title='bbox 1283 649 1373 713; x_wconf 83' lang='lat' dir='ltr'><em>natta</em></span> 
     </span>
     <span class='ocr_line' id='line_1_5' title="bbox 199 755 1374 840; baseline -0.004 -17"><span class='ocrx_word' id='word_1_29' title='bbox 199 761 297 836; x_wconf 91' lang='lat' dir='ltr'><em>nitar,</em></span> <span class='ocrx_word' id='word_1_30' title='bbox 320 780 386 838; x_wconf 86' lang='lat' dir='ltr'><em>pare</em></span> <span class='ocrx_word' id='word_1_31' title='bbox 413 764 550 840; x_wconf 80' lang='lat' dir='ltr'><em>anpnsta</em></span> <span class='ocrx_word' id='word_1_32' title='bbox 578 757 680 822; x_wconf 85' lang='lat' dir='ltr'><em>annis</em></span> <span class='ocrx_word' id='word_1_33' title='bbox 698 763 759 821; x_wconf 89' lang='lat' dir='ltr'><em>ter·</em></span> <span class='ocrx_word' id='word_1_34' title='bbox 812 759 848 822; x_wconf 93' lang='lat' dir='ltr'><em>in</em></span> <span class='ocrx_word' id='word_1_35' title='bbox 871 778 904 822; x_wconf 90' lang='lat' dir='ltr'><em>eo</em></span> <span class='ocrx_word' id='word_1_36' title='bbox 928 757 1022 837; x_wconf 85' lang='lat' dir='ltr'><em>calpa</em></span> <span class='ocrx_word' id='word_1_37' title='bbox 1046 777 1084 820; x_wconf 84' lang='lat' dir='ltr'><em>ea</em></span> <span class='ocrx_word' id='word_1_38' title='bbox 1100 756 1267 836; x_wconf 80' lang='lat' dir='ltr'><em>principe:</em></span> <span class='ocrx_word' id='word_1_39' title='bbox 1295 755 1374 835; x_wconf 75' lang='lat' dir='ltr'><em>pain</em></span> 
     </span>
     <span class='ocr_line' id='line_1_6' title="bbox 199 862 1373 946; baseline -0.004 -17"><span class='ocrx_word' id='word_1_40' title='bbox 199 886 312 929; x_wconf 86' lang='lat' dir='ltr'><em>rarnrn</em></span> <span class='ocrx_word' id='word_1_41' title='bbox 336 865 466 946; x_wconf 81' lang='lat' dir='ltr'><em>anpnios</em></span> <span class='ocrx_word' id='word_1_42' title='bbox 482 885 503 928; x_wconf 91' lang='lat' dir='ltr'><em>a</em></span> <span class='ocrx_word' id='word_1_43' title='bbox 518 864 759 928; x_wconf 86' lang='lat' dir='ltr'><em>latrociniornrn</em></span> <span class='ocrx_word' id='word_1_44' title='bbox 813 862 1040 944; x_wconf 82' lang='lat' dir='ltr'><em>infecunditati</em></span> <span class='ocrx_word' id='word_1_45' title='bbox 1057 866 1220 925; x_wconf 85' lang='lat' dir='ltr'><em>terrarnnr</em></span> <span class='ocrx_word' id='word_1_46' title='bbox 1243 867 1300 924; x_wconf 92' lang='lat' dir='ltr'><em>ant</em></span> <span class='ocrx_word' id='word_1_47' title='bbox 1323 881 1373 924; x_wconf 90' lang='lat' dir='ltr'><em>as-</em></span> 
     </span>
     <span class='ocr_line' id='line_1_7' title="bbox 199 967 1372 1049; baseline -0.003 -15"><span class='ocrx_word' id='word_1_48' title='bbox 199 977 283 1034; x_wconf 80' lang='lat' dir='ltr'><em>nrctn</em></span> <span class='ocrx_word' id='word_1_49' title='bbox 305 976 410 1035; x_wconf 89' lang='lat' dir='ltr'><em>seroat</em></span> <span class='ocrx_word' id='word_1_50' title='bbox 428 971 592 1034; x_wconf 85' lang='lat' dir='ltr'><em>inmanes.</em></span> <span class='ocrx_word' id='word_1_51' title='bbox 624 968 760 1049; x_wconf 81' lang='lat' dir='ltr'><em>fortuita</em></span> <span class='ocrx_word' id='word_1_52' title='bbox 807 970 1024 1049; x_wconf 85' lang='lat' dir='ltr'><em>perisrnaris</em></span> <span class='ocrx_word' id='word_1_53' title='bbox 1047 967 1242 1043; x_wconf 77' lang='lat' dir='ltr'><em>obviarant,</em></span> <span class='ocrx_word' id='word_1_54' title='bbox 1273 987 1372 1048; x_wconf 82' lang='lat' dir='ltr'><em>qnan-</em></span> 
     </span>
     <span class='ocr_line' id='line_1_8' title="bbox 199 1073 1373 1155; baseline -0.003 -15"><span class='ocrx_word' id='word_1_55' title='bbox 199 1097 262 1141; x_wconf 93' lang='lat' dir='ltr'><em>non</em></span> <span class='ocrx_word' id='word_1_56' title='bbox 294 1078 409 1142; x_wconf 74' lang='lat' dir='ltr'><em>dainra</em></span> <span class='ocrx_word' id='word_1_57' title='bbox 441 1075 669 1151; x_wconf 76' lang='lat' dir='ltr'><em>tantummode,</em></span> <span class='ocrx_word' id='word_1_58' title='bbox 704 1074 760 1138; x_wconf 86' lang='lat' dir='ltr'><em>sed</em></span> <span class='ocrx_word' id='word_1_59' title='bbox 813 1081 880 1138; x_wconf 81' lang='lat' dir='ltr'><em>tani</em></span> <span class='ocrx_word' id='word_1_60' title='bbox 895 1074 1055 1154; x_wconf 86' lang='lat' dir='ltr'><em>inpendio</em></span> <span class='ocrx_word' id='word_1_61' title='bbox 1072 1073 1297 1155; x_wconf 78' lang='lat' dir='ltr'><em>ddipentiaqne</em></span> <span class='ocrx_word' id='word_1_62' title='bbox 1314 1092 1373 1152; x_wconf 92' lang='lat' dir='ltr'><em>po-</em></span> 
     </span>
     <span class='ocr_line' id='line_1_9' title="bbox 200 1179 1373 1261; baseline -0.003 -15"><span class='ocrx_word' id='word_1_63' title='bbox 200 1183 328 1247; x_wconf 88' lang='lat' dir='ltr'><em>nrbian</em></span> <span class='ocrx_word' id='word_1_64' title='bbox 360 1183 479 1247; x_wconf 87' lang='lat' dir='ltr'><em>danna</em></span> <span class='ocrx_word' id='word_1_65' title='bbox 502 1181 665 1261; x_wconf 83' lang='lat' dir='ltr'><em>principis</em></span> <span class='ocrx_word' id='word_1_66' title='bbox 690 1201 759 1244; x_wconf 91' lang='lat' dir='ltr'><em>rnn-</em></span> <span class='ocrx_word' id='word_1_67' title='bbox 814 1186 861 1244; x_wconf 90' lang='lat' dir='ltr'><em>ter</em></span> <span class='ocrx_word' id='word_1_68' title='bbox 883 1187 904 1244; x_wconf 93' lang='lat' dir='ltr'><em>t.</em></span> <span class='ocrx_word' id='word_1_69' title='bbox 951 1181 997 1244; x_wconf 87' lang='lat' dir='ltr'><em>Et</em></span> <span class='ocrx_word' id='word_1_70' title='bbox 1019 1200 1058 1244; x_wconf 92' lang='lat' dir='ltr'><em>ne</em></span> <span class='ocrx_word' id='word_1_71' title='bbox 1074 1179 1262 1258; x_wconf 86' lang='lat' dir='ltr'><em>provinciae</em></span> <span class='ocrx_word' id='word_1_72' title='bbox 1284 1179 1373 1242; x_wconf 85' lang='lat' dir='ltr'><em>nocis</em></span> 
     </span>
     <span class='ocr_line' id='line_1_10' title="bbox 200 1284 1373 1369; baseline -0.003 -17"><span class='ocrx_word' id='word_1_73' title='bbox 200 1290 360 1369; x_wconf 73' lang='lat' dir='ltr'><em>nidrentia</em></span> <span class='ocrx_word' id='word_1_74' title='bbox 396 1289 544 1352; x_wconf 85' lang='lat' dir='ltr'><em>vindicat.</em></span> <span class='ocrx_word' id='word_1_75' title='bbox 596 1287 760 1351; x_wconf 90' lang='lat' dir='ltr'><em>restitntae</em></span> <span class='ocrx_word' id='word_1_76' title='bbox 813 1285 959 1350; x_wconf 78' lang='lat' dir='ltr'><em>oneribin</em></span> <span class='ocrx_word' id='word_1_77' title='bbox 973 1284 1188 1362; x_wconf 85' lang='lat' dir='ltr'><em>tnrbarentnr,</em></span> <span class='ocrx_word' id='word_1_78' title='bbox 1212 1289 1307 1366; x_wconf 78' lang='lat' dir='ltr'><em>atone</em></span> <span class='ocrx_word' id='word_1_79' title='bbox 1324 1305 1373 1349; x_wconf 91' lang='lat' dir='ltr'><em>oe·</em></span> 
     </span>
     <span class='ocr_line' id='line_1_11' title="bbox 200 1389 1373 1471; baseline -0.003 -13"><span class='ocrx_word' id='word_1_80' title='bbox 200 1394 293 1458; x_wconf 83' lang='lat' dir='ltr'><em>nrbes</em></span> <span class='ocrx_word' id='word_1_81' title='bbox 315 1394 423 1471; x_wconf 86' lang='lat' dir='ltr'><em>Asiae,</em></span> <span class='ocrx_word' id='word_1_82' title='bbox 452 1393 631 1458; x_wconf 86' lang='lat' dir='ltr'><em>uindicatae</em></span> <span class='ocrx_word' id='word_1_83' title='bbox 658 1393 697 1456; x_wconf 91' lang='lat' dir='ltr'><em>ab</em></span> <span class='ocrx_word' id='word_1_84' title='bbox 712 1394 758 1456; x_wconf 92' lang='lat' dir='ltr'><em>in·</em></span> <span class='ocrx_word' id='word_1_85' title='bbox 813 1398 883 1456; x_wconf 89' lang='lat' dir='ltr'><em>tera</em></span> <span class='ocrx_word' id='word_1_86' title='bbox 910 1389 979 1456; x_wconf 80' lang='lat' dir='ltr'><em>sin‘e</em></span> <span class='ocrx_word' id='word_1_87' title='bbox 1012 1392 1151 1456; x_wconf 85' lang='lat' dir='ltr'><em>auaritia</em></span> <span class='ocrx_word' id='word_1_88' title='bbox 1179 1397 1235 1455; x_wconf 90' lang='lat' dir='ltr'><em>ant</em></span> <span class='ocrx_word' id='word_1_89' title='bbox 1264 1392 1373 1455; x_wconf 89' lang='lat' dir='ltr'><em>arnde-</em></span> 
     </span>
     <span class='ocr_line' id='line_1_12' title="bbox 200 1497 1372 1581; baseline -0.001 -20"><span class='ocrx_word' id='word_1_90' title='bbox 200 1499 758 1581; x_wconf 81' lang='lat' dir='ltr'><em>inriisnapistratnnrnprooinaiae:</em></span> <span class='ocrx_word' id='word_1_91' title='bbox 813 1497 901 1562; x_wconf 80' lang='lat' dir='ltr'><em>litate</em></span> <span class='ocrx_word' id='word_1_92' title='bbox 922 1499 1169 1580; x_wconf 83' lang='lat' dir='ltr'><em>mapistratnnni</em></span> <span class='ocrx_word' id='word_1_93' title='bbox 1192 1497 1372 1574; x_wconf 84' lang='lat' dir='ltr'><em>tolerarent,</em></span> 
     </span>
     <span class='ocr_line' id='line_1_13' title="bbox 199 1601 1374 1688; baseline -0.003 -18"><span class='ocrx_word' id='word_1_94' title='bbox 199 1605 297 1670; x_wconf 84' lang='lat' dir='ltr'><em>bonor</em></span> <span class='ocrx_word' id='word_1_95' title='bbox 304 1606 410 1688; x_wconf 79' lang='lat' dir='ltr'><em>dipnis</em></span> <span class='ocrx_word' id='word_1_96' title='bbox 411 1606 652 1684; x_wconf 82' lang='lat' dir='ltr'><em>paratissimas,</em></span> <span class='ocrx_word' id='word_1_97' title='bbox 653 1625 759 1684; x_wconf 82' lang='lat' dir='ltr'><em>poena</em></span> <span class='ocrx_word' id='word_1_98' title='bbox 807 1603 1019 1684; x_wconf 84' lang='lat' dir='ltr'><em>procidebat.</em></span> <span class='ocrx_word' id='word_1_99' title='bbox 1040 1654 1045 1665; x_wconf 93' lang='lat'>.</span> <span class='ocrx_word' id='word_1_100' title='bbox 1066 1655 1071 1666; x_wconf 92' lang='lat'>.</span> <span class='ocrx_word' id='word_1_101' title='bbox 1097 1601 1134 1667; x_wconf 82' lang='lat' dir='ltr'><em>Si</em></span> <span class='ocrx_word' id='word_1_102' title='bbox 1152 1603 1279 1684; x_wconf 78' lang='lat' dir='ltr'><em>qnando</em></span> <span class='ocrx_word' id='word_1_103' title='bbox 1303 1623 1374 1666; x_wconf 86' lang='lat' dir='ltr'><em>ann</em></span> 
     </span>
     <span class='ocr_line' id='line_1_14' title="bbox 200 1708 1375 1792; baseline -0.002 -18"><span class='ocrx_word' id='word_1_104' title='bbox 200 1712 236 1774; x_wconf 93' lang='lat' dir='ltr'><em>in</em></span> <span class='ocrx_word' id='word_1_105' title='bbox 251 1712 350 1776; x_wconf 74' lang='lat' dir='ltr'><em>enain</em></span> <span class='ocrx_word' id='word_1_106' title='bbox 365 1731 447 1787; x_wconf 91' lang='lat' dir='ltr'><em>sera,</em></span> <span class='ocrx_word' id='word_1_107' title='bbox 463 1711 651 1792; x_wconf 78' lang='lat' dir='ltr'><em>sedaiiqna:</em></span> <span class='ocrx_word' id='word_1_108' title='bbox 668 1731 759 1790; x_wconf 91' lang='lat' dir='ltr'><em>snpe-</em></span> <span class='ocrx_word' id='word_1_109' title='bbox 807 1710 950 1789; x_wconf 89' lang='lat' dir='ltr'><em>prioatis</em></span> <span class='ocrx_word' id='word_1_110' title='bbox 978 1708 1179 1790; x_wconf 76' lang='lat' dir='ltr'><em>disceptaret,</em></span> <span class='ocrx_word' id='word_1_111' title='bbox 1210 1709 1318 1790; x_wconf 84' lang='lat' dir='ltr'><em>faran</em></span> <span class='ocrx_word' id='word_1_112' title='bbox 1346 1714 1375 1772; x_wconf 89' lang='lat' dir='ltr'><em>et</em></span> 
     </span>
     <span class='ocr_line' id='line_1_15' title="bbox 201 1816 895 1898; baseline -0.001 -18"><span class='ocrx_word' id='word_1_113' title='bbox 201 1822 296 1880; x_wconf 89' lang='lat' dir='ltr'><em>ratar</em></span> <span class='ocrx_word' id='word_1_114' title='bbox 319 1817 475 1898; x_wconf 82' lang='lat' dir='ltr'><em>aeqaitate</em></span> <span class='ocrx_word' id='word_1_115' title='bbox 487 1816 605 1898; x_wconf 81' lang='lat' dir='ltr'><em>pratia,</em></span> <span class='ocrx_word' id='word_1_116' title='bbox 630 1816 759 1881; x_wconf 85' lang='lat' dir='ltr'><em>ambitio</em></span> <span class='ocrx_word' id='word_1_117' title='bbox 814 1816 895 1879; x_wconf 74' lang='lat' dir='ltr'><em>ins.»</em></span> 
     </span>
     <span class='ocr_line' id='line_1_16' title="bbox 202 1922 760 2002; baseline -0.002 -17"><span class='ocrx_word' id='word_1_118' title='bbox 202 1924 333 2001; x_wconf 89' lang='lat' dir='ltr'><em>nirtnte,·</em></span> <span class='ocrx_word' id='word_1_119' title='bbox 355 1943 430 1986; x_wconf 90' lang='lat' dir='ltr'><em>narn</em></span> <span class='ocrx_word' id='word_1_120' title='bbox 451 1922 557 2002; x_wconf 80' lang='lat' dir='ltr'><em>facere</em></span> <span class='ocrx_word' id='word_1_121' title='bbox 579 1927 660 1986; x_wconf 90' lang='lat' dir='ltr'><em>recte</em></span> <span class='ocrx_word' id='word_1_122' title='bbox 683 1923 760 1985; x_wconf 86' lang='lat' dir='ltr'><em>ciuis</em></span> 
     </span>
     <span class='ocr_line' id='line_1_17' title="bbox 200 2029 787 2129; baseline 0.002 -38"><span class='ocrx_word' id='word_1_123' title='bbox 200 2047 273 2092; x_wconf 86' lang='lat' dir='ltr'><em>snos</em></span> <span class='ocrx_word' id='word_1_124' title='bbox 289 2029 442 2108; x_wconf 90' lang='lat' dir='ltr'><em>princeps</em></span> <span class='ocrx_word' id='word_1_125' title='bbox 460 2029 597 2108; x_wconf 90' lang='lat' dir='ltr'><em>optirnns</em></span> <span class='ocrx_word' id='word_1_126' title='bbox 611 2029 758 2110; x_wconf 79' lang='lat' dir='ltr'><em>faciendo</em></span> <span class='ocrx_word' id='word_1_127' title='bbox 784 2043 787 2129; x_wconf 55' lang='grc' dir='ltr'><strong>ξ</strong></span> 
     </span>
     <span class='ocr_line' id='line_1_18' title="bbox 201 2133 787 2240; baseline 0.002 -44"><span class='ocrx_word' id='word_1_128' title='bbox 201 2133 301 2210; x_wconf 88' lang='lat' dir='ltr'><em>docet,</em></span> <span class='ocrx_word' id='word_1_129' title='bbox 354 2153 484 2214; x_wconf 81' lang='lat' dir='ltr'><em>cnrnqne</em></span> <span class='ocrx_word' id='word_1_130' title='bbox 532 2134 577 2197; x_wconf 91' lang='lat' dir='ltr'><em>sit</em></span> <span class='ocrx_word' id='word_1_131' title='bbox 627 2134 787 2240; x_wconf 46' lang='lat' dir='ltr'><em>irnperio}</em></span> 
     </span>
     <span class='ocr_line' id='line_1_19' title="bbox 199 2239 788 2318; baseline 0.003 -16"><span class='ocrx_word' id='word_1_132' title='bbox 199 2241 367 2316; x_wconf 82' lang='lat' dir='ltr'><em>macinas,</em></span> <span class='ocrx_word' id='word_1_133' title='bbox 391 2239 528 2318; x_wconf 83' lang='lat' dir='ltr'><em>enenplo</em></span> <span class='ocrx_word' id='word_1_134' title='bbox 553 2239 659 2302; x_wconf 91' lang='lat' dir='ltr'><em>rnaicr</em></span> <span class='ocrx_word' id='word_1_135' title='bbox 682 2244 756 2303; x_wconf 69' lang='lat' dir='ltr'><em>est.»</em></span> <span class='ocrx_word' id='word_1_136' title='bbox 784 2241 788 2304; x_wconf 84' lang='grc' dir='ltr'>ἰ</span> 
     </span>
     <span class='ocr_line' id='line_1_20' title="bbox 289 2341 1374 2427; baseline 0.002 -20"><span class='ocrx_word' id='word_1_137' title='bbox 289 2341 383 2407; x_wconf 87' lang='lat' dir='ltr'><em>Haec</em></span> <span class='ocrx_word' id='word_1_138' title='bbox 414 2347 527 2406; x_wconf 89' lang='lat' dir='ltr'><em>autem</em></span> <span class='ocrx_word' id='word_1_139' title='bbox 560 2341 668 2407; x_wconf 89' lang='lat' dir='ltr'><em>Taciti</em></span> <span class='ocrx_word' id='word_1_140' title='bbox 701 2341 877 2427; x_wconf 83' lang='lat' dir='ltr'><em>descriptio</em></span> <span class='ocrx_word' id='word_1_141' title='bbox 909 2341 993 2427; x_wconf 92' lang='lat' dir='ltr'><em>quin</em></span> <span class='ocrx_word' id='word_1_142' title='bbox 1025 2361 1103 2408; x_wconf 85' lang='lat' dir='ltr'><em>vera</em></span> <span class='ocrx_word' id='word_1_143' title='bbox 1135 2342 1185 2421; x_wconf 86' lang='lat' dir='ltr'><em>sit,</em></span> <span class='ocrx_word' id='word_1_144' title='bbox 1221 2363 1291 2408; x_wconf 89' lang='lat' dir='ltr'><em>non</em></span> <span class='ocrx_word' id='word_1_145' title='bbox 1324 2350 1374 2409; x_wconf 87' lang='lat' dir='ltr'><em>cst</em></span> 
     </span>
     <span class='ocr_line' id='line_1_21' title="bbox 201 2447 1372 2534; baseline 0.003 -23"><span class='ocrx_word' id='word_1_146' title='bbox 201 2447 351 2512; x_wconf 90' lang='lat' dir='ltr'><em>dubium.</em></span> <span class='ocrx_word' id='word_1_147' title='bbox 387 2447 504 2532; x_wconf 83' lang='lat' dir='ltr'><em>Neque</em></span> <span class='ocrx_word' id='word_1_148' title='bbox 519 2448 609 2512; x_wconf 89' lang='lat' dir='ltr'><em>enim</em></span> <span class='ocrx_word' id='word_1_149' title='bbox 625 2483 669 2494; x_wconf 91' lang='lat'><em>-</em></span> <span class='ocrx_word' id='word_1_150' title='bbox 687 2453 727 2512; x_wconf 90' lang='lat' dir='ltr'><em>ut</em></span> <span class='ocrx_word' id='word_1_151' title='bbox 749 2449 901 2513; x_wconf 89' lang='lat' dir='ltr'><em>omittam</em></span> <span class='ocrx_word' id='word_1_152' title='bbox 925 2448 1132 2528; x_wconf 85' lang='lat' dir='ltr'><em>Suetonium,</em></span> <span class='ocrx_word' id='word_1_153' title='bbox 1158 2449 1217 2534; x_wconf 91' lang='lat' dir='ltr'><em>qui</em></span> <span class='ocrx_word' id='word_1_154' title='bbox 1239 2448 1310 2514; x_wconf 88' lang='lat' dir='ltr'><em>Tib.</em></span> <span class='ocrx_word' id='word_1_155' title='bbox 1330 2451 1372 2514; x_wconf 80' lang='lat'><em>26</em></span> 
     </span>
     <span class='ocr_line' id='line_1_22' title="bbox 200 2552 1374 2640; baseline 0.003 -23"><span class='ocrx_word' id='word_1_156' title='bbox 200 2552 322 2618; x_wconf 87' lang='lat' dir='ltr'><em>Tiberii</em></span> <span class='ocrx_word' id='word_1_157' title='bbox 341 2573 448 2619; x_wconf 88' lang='lat' dir='ltr'><em>mores</em></span> <span class='ocrx_word' id='word_1_158' title='bbox 464 2559 565 2638; x_wconf 88' lang='lat' dir='ltr'><em>atque</em></span> <span class='ocrx_word' id='word_1_159' title='bbox 581 2553 669 2619; x_wconf 87' lang='lat' dir='ltr'><em>facta</em></span> <span class='ocrx_word' id='word_1_160' title='bbox 684 2552 836 2640; x_wconf 82' lang='lat' dir='ltr'><em>depingit</em></span> <span class='ocrx_word' id='word_1_161' title='bbox 858 2555 918 2620; x_wconf 93' lang='lat' dir='ltr'><em>sic:</em></span> <span class='ocrx_word' id='word_1_162' title='bbox 948 2557 1086 2621; x_wconf 77' lang='lat' dir='ltr'><em>«naiton</em></span> <span class='ocrx_word' id='word_1_163' title='bbox 1103 2557 1275 2623; x_wconf 89' lang='lat' dir='ltr'><em>adnodnn</em></span> <span class='ocrx_word' id='word_1_164' title='bbox 1289 2558 1374 2621; x_wconf 91' lang='lat' dir='ltr'><em>inter</em></span> 
     </span>
     <span class='ocr_line' id='line_1_23' title="bbox 199 2660 1373 2745; baseline 0.003 -22"><span class='ocrx_word' id='word_1_165' title='bbox 199 2661 295 2724; x_wconf 88' lang='lat' dir='ltr'><em>initia</em></span> <span class='ocrx_word' id='word_1_166' title='bbox 318 2681 355 2724; x_wconf 87' lang='lat' dir='ltr'><em>aa</em></span> <span class='ocrx_word' id='word_1_167' title='bbox 371 2660 472 2741; x_wconf 84' lang='lat' dir='ltr'><em>panio</em></span> <span class='ocrx_word' id='word_1_168' title='bbox 494 2663 602 2725; x_wconf 85' lang='lat' dir='ltr'><em>ninas</em></span> <span class='ocrx_word' id='word_1_169' title='bbox 625 2683 721 2744; x_wconf 80' lang='lat' dir='ltr'><em>qnarn</em></span> <span class='ocrx_word' id='word_1_170' title='bbox 738 2663 906 2741; x_wconf 84' lang='lat' dir='ltr'><em>privatnrn</em></span> <span class='ocrx_word' id='word_1_171' title='bbox 930 2664 1009 2745; x_wconf 80' lang='lat' dir='ltr'><em>epit»</em></span> <span class='ocrx_word' id='word_1_172' title='bbox 1036 2666 1069 2726; x_wconf 87' lang='lat' dir='ltr'><em>et</em></span> <span class='ocrx_word' id='word_1_173' title='bbox 1091 2660 1163 2726; x_wconf 90' lang='lat' dir='ltr'><em>Tib.</em></span> <span class='ocrx_word' id='word_1_174' title='bbox 1188 2663 1246 2726; x_wconf 83' lang='lat'><em>33:</em></span> <span class='ocrx_word' id='word_1_175' title='bbox 1275 2683 1373 2742; x_wconf 84' lang='lat' dir='ltr'><em>«pan-</em></span> 
     </span>
     <span class='ocr_line' id='line_1_24' title="bbox 199 2766 1373 2848; baseline 0.003 -19"><span class='ocrx_word' id='word_1_176' title='bbox 199 2766 289 2829; x_wconf 85' lang='lat' dir='ltr'><em>iatin</em></span> <span class='ocrx_word' id='word_1_177' title='bbox 306 2768 487 2846; x_wconf 84' lang='lat' dir='ltr'><em>prinoipem</em></span> <span class='ocrx_word' id='word_1_178' title='bbox 510 2769 641 2845; x_wconf 80' lang='lat' dir='ltr'><em>onerati,</em></span> <span class='ocrx_word' id='word_1_179' title='bbox 668 2769 896 2848; x_wconf 76' lang='lat' dir='ltr'><em>praestititque</em></span> <span class='ocrx_word' id='word_1_180' title='bbox 919 2769 978 2832; x_wconf 86' lang='lat' dir='ltr'><em>etsi</em></span> <span class='ocrx_word' id='word_1_181' title='bbox 1000 2769 1127 2832; x_wconf 86' lang='lat' dir='ltr'><em>carinrn</em></span> <span class='ocrx_word' id='word_1_182' title='bbox 1151 2769 1217 2845; x_wconf 90' lang='lat' dir='ltr'><em>din,</em></span> <span class='ocrx_word' id='word_1_183' title='bbox 1243 2788 1373 2832; x_wconf 84' lang='lat' dir='ltr'><em>camrno-</em></span> 
     </span>
     <span class='ocr_line' id='line_1_25' title="bbox 201 2872 1370 2954; baseline 0.003 -20"><span class='ocrx_word' id='word_1_184' title='bbox 201 2872 319 2936; x_wconf 90' lang='lat' dir='ltr'><em>diorern</em></span> <span class='ocrx_word' id='word_1_185' title='bbox 349 2877 454 2936; x_wconf 87' lang='lat' dir='ltr'><em>tarnen</em></span> <span class='ocrx_word' id='word_1_186' title='bbox 481 2874 609 2953; x_wconf 86' lang='lat' dir='ltr'><em>saepias</em></span> <span class='ocrx_word' id='word_1_187' title='bbox 637 2879 665 2936; x_wconf 87' lang='lat' dir='ltr'><em>et</em></span> <span class='ocrx_word' id='word_1_188' title='bbox 695 2874 738 2936; x_wconf 91' lang='lat' dir='ltr'><em>ad</em></span> <span class='ocrx_word' id='word_1_189' title='bbox 760 2874 913 2938; x_wconf 86' lang='lat' dir='ltr'><em>ntditates</em></span> <span class='ocrx_word' id='word_1_190' title='bbox 934 2873 1083 2952; x_wconf 83' lang='lat' dir='ltr'><em>publicas</em></span> <span class='ocrx_word' id='word_1_191' title='bbox 1098 2875 1302 2954; x_wconf 74' lang='lat' dir='ltr'><em>proniorem»</em></span> <span class='ocrx_word' id='word_1_192' title='bbox 1332 2909 1370 2918; x_wconf 94' lang='lat'><em>-</em></span> 
     </span>
     <span class='ocr_line' id='line_1_26' title="bbox 201 2975 1373 3060; baseline 0.003 -22"><span class='ocrx_word' id='word_1_193' title='bbox 201 2995 279 3054; x_wconf 89' lang='lat' dir='ltr'><em>non,</em></span> <span class='ocrx_word' id='word_1_194' title='bbox 312 2975 461 3060; x_wconf 86' lang='lat' dir='ltr'><em>inquam,</em></span> <span class='ocrx_word' id='word_1_195' title='bbox 492 2977 627 3042; x_wconf 79' lang='lat' dir='ltr'><em>Tacitus</em></span> <span class='ocrx_word' id='word_1_196' title='bbox 659 2976 831 3042; x_wconf 83' lang='lat' dir='ltr'><em>Tiberium</em></span> <span class='ocrx_word' id='word_1_197' title='bbox 863 2976 980 3042; x_wconf 89' lang='lat' dir='ltr'><em>laudat</em></span> <span class='ocrx_word' id='word_1_198' title='bbox 1009 2977 1074 3042; x_wconf 89' lang='lat' dir='ltr'><em>nisi</em></span> <span class='ocrx_word' id='word_1_199' title='bbox 1103 2979 1299 3044; x_wconf 83' lang='lat' dir='ltr'><em>necessitate</em></span> <span class='ocrx_word' id='word_1_200' title='bbox 1322 2998 1373 3042; x_wconf 92' lang='lat' dir='ltr'><em>cc-</em></span> 
     </span>
     <span class='ocr_line' id='line_1_27' title="bbox 200 3079 1373 3168; baseline 0.003 -24"><span class='ocrx_word' id='word_1_201' title='bbox 200 3085 295 3145; x_wconf 89' lang='lat' dir='ltr'><em>actus</em></span> <span class='ocrx_word' id='word_1_202' title='bbox 318 3086 351 3146; x_wconf 87' lang='lat' dir='ltr'><em>et</em></span> <span class='ocrx_word' id='word_1_203' title='bbox 372 3079 465 3145; x_wconf 88' lang='lat' dir='ltr'><em>laudi</em></span> <span class='ocrx_word' id='word_1_204' title='bbox 487 3083 557 3146; x_wconf 88' lang='lat' dir='ltr'><em>eius</em></span> <span class='ocrx_word' id='word_1_205' title='bbox 580 3088 747 3167; x_wconf 88' lang='lat' dir='ltr'><em>quantum</em></span> <span class='ocrx_word' id='word_1_206' title='bbox 771 3088 880 3168; x_wconf 90' lang='lat' dir='ltr'><em>potest</em></span> <span class='ocrx_word' id='word_1_207' title='bbox 902 3082 1014 3148; x_wconf 86' lang='lat' dir='ltr'><em>studet</em></span> <span class='ocrx_word' id='word_1_208' title='bbox 1036 3081 1227 3149; x_wconf 83' lang='lat' dir='ltr'><em>obtrectare.</em></span> <span class='ocrx_word' id='word_1_209' title='bbox 1261 3084 1373 3161; x_wconf 78' lang='lat' dir='ltr'><em>Quam</em></span> 
     </span>
     <span class='ocr_line' id='line_1_28' title="bbox 200 3186 1372 3275; baseline 0.003 -23"><span class='ocrx_word' id='word_1_210' title='bbox 200 3186 306 3252; x_wconf 84' lang='lat' dir='ltr'><em>Taciti</em></span> <span class='ocrx_word' id='word_1_211' title='bbox 338 3186 547 3272; x_wconf 88' lang='lat' dir='ltr'><em>iniquitatem</em></span> <span class='ocrx_word' id='word_1_212' title='bbox 581 3209 679 3274; x_wconf 85' lang='lat' dir='ltr'><em>saepe</em></span> <span class='ocrx_word' id='word_1_213' title='bbox 714 3195 1008 3254; x_wconf 86' lang='lat' dir='ltr'><em>commemoratam</em></span> <span class='ocrx_word' id='word_1_214' title='bbox 1039 3189 1103 3254; x_wconf 89' lang='lat' dir='ltr'><em>hoc</em></span> <span class='ocrx_word' id='word_1_215' title='bbox 1135 3210 1269 3275; x_wconf 88' lang='lat' dir='ltr'><em>quoquc</em></span> <span class='ocrx_word' id='word_1_216' title='bbox 1300 3189 1372 3255; x_wconf 90' lang='lat' dir='ltr'><em>loco</em></span> 
     </span>
     <span class='ocr_line' id='line_1_29' title="bbox 198 3292 512 3378; baseline 0.003 -22"><span class='ocrx_word' id='word_1_217' title='bbox 198 3292 313 3378; x_wconf 90' lang='lat' dir='ltr'><em>paucis</em></span> <span class='ocrx_word' id='word_1_218' title='bbox 340 3293 512 3358; x_wconf 83' lang='lat' dir='ltr'><em>illustrem.</em></span> 
     </span>
     <span class='ocr_line' id='line_1_30' title="bbox 198 3397 1370 3484; baseline 0.004 -23"><span class='ocrx_word' id='word_1_219' title='bbox 198 3417 276 3462; x_wconf 84' lang='lat' dir='ltr'><em>ann.</em></span> <span class='ocrx_word' id='word_1_220' title='bbox 296 3397 323 3476; x_wconf 88' lang='lat' dir='ltr'><em>I,</em></span> <span class='ocrx_word' id='word_1_221' title='bbox 340 3400 362 3462; x_wconf 90' lang='grc'>4</span> <span class='ocrx_word' id='word_1_222' title='bbox 378 3397 522 3477; x_wconf 84' lang='lat' dir='ltr'><em>Tacitus,</em></span> <span class='ocrx_word' id='word_1_223' title='bbox 547 3398 724 3464; x_wconf 89' lang='lat' dir='ltr'><em>immemor</em></span> <span class='ocrx_word' id='word_1_224' title='bbox 746 3419 884 3464; x_wconf 87' lang='lat' dir='ltr'><em>suorum</em></span> <span class='ocrx_word' id='word_1_225' title='bbox 906 3398 1010 3484; x_wconf 84' lang='lat' dir='ltr'><em>ipsius</em></span> <span class='ocrx_word' id='word_1_226' title='bbox 1034 3397 1211 3466; x_wconf 88' lang='lat' dir='ltr'><em>verborum</em></span> <span class='ocrx_word' id='word_1_227' title='bbox 1234 3400 1293 3480; x_wconf 86' lang='lat' dir='ltr'><em>VI,</em></span> <span class='ocrx_word' id='word_1_228' title='bbox 1311 3403 1370 3466; x_wconf 84' lang='lat'><em>51:</em></span> 
     </span>
     <span class='ocr_line' id='line_1_31' title="bbox 309 3501 1372 3591; baseline 0.005 -23"><span class='ocrx_word' id='word_1_229' title='bbox 309 3525 451 3570; x_wconf 75' lang='lat' dir='ltr'><em>«rnornrn</em></span> <span class='ocrx_word' id='word_1_230' title='bbox 474 3525 593 3588; x_wconf 75' lang='lat' dir='ltr'><em>ancone</em></span> <span class='ocrx_word' id='word_1_231' title='bbox 615 3512 756 3586; x_wconf 84' lang='lat' dir='ltr'><em>ternpore</em></span> <span class='ocrx_word' id='word_1_232' title='bbox 779 3506 829 3570; x_wconf 83' lang='lat' dir='ltr'><em>iiii</em></span> <span class='ocrx_word' id='word_1_233' title='bbox 851 3502 931 3591; x_wconf 80' lang='lat' dir='ltr'><em>(scii.</em></span> <span class='ocrx_word' id='word_1_234' title='bbox 956 3501 1099 3589; x_wconf 84' lang='lat' dir='ltr'><em>Tiberio)</em></span> <span class='ocrx_word' id='word_1_235' title='bbox 1123 3507 1264 3571; x_wconf 87' lang='lat' dir='ltr'><em>diaersa:</em></span> <span class='ocrx_word' id='word_1_236' title='bbox 1288 3530 1372 3590; x_wconf 82' lang='lat' dir='ltr'><em>epre-</em></span> 
     </span>
     <span class='ocr_line' id='line_1_32' title="bbox 249 3611 1371 3693; baseline 0.004 -21"><span class='ocrx_word' id='word_1_237' title='bbox 249 3637 252 3642; x_wconf 92' lang='lat'><em>·</em></span> <span class='ocrx_word' id='word_1_238' title='bbox 304 3611 392 3692; x_wconf 78' lang='lat' dir='ltr'><em>pinn</em></span> <span class='ocrx_word' id='word_1_239' title='bbox 419 3612 486 3675; x_wconf 87' lang='lat' dir='ltr'><em>rita</em></span> <span class='ocrx_word' id='word_1_240' title='bbox 513 3612 673 3692; x_wconf 79' lang='lat' dir='ltr'><em>fanaque,</em></span> <span class='ocrx_word' id='word_1_241' title='bbox 704 3613 808 3693; x_wconf 81' lang='lat' dir='ltr'><em>qnoad</em></span> <span class='ocrx_word' id='word_1_242' title='bbox 829 3613 982 3692; x_wconf 84' lang='lat' dir='ltr'><em>priuatas</em></span> <span class='ocrx_word' id='word_1_243' title='bbox 1008 3612 1056 3676; x_wconf 81' lang='lat' dir='ltr'><em>aet</em></span> <span class='ocrx_word' id='word_1_244' title='bbox 1082 3613 1118 3675; x_wconf 92' lang='lat' dir='ltr'><em>in</em></span> <span class='ocrx_word' id='word_1_245' title='bbox 1146 3613 1291 3692; x_wconf 86' lang='lat' dir='ltr'><em>inperiis</em></span> <span class='ocrx_word' id='word_1_246' title='bbox 1313 3615 1371 3679; x_wconf 86' lang='lat' dir='ltr'><em>snb</em></span> 
     </span>
     <span class='ocr_line' id='line_1_33' title="bbox 306 3715 1368 3798; baseline 0.006 -20"><span class='ocrx_word' id='word_1_247' title='bbox 306 3715 450 3798; x_wconf 82' lang='lat' dir='ltr'><em>Anpnsto</em></span> <span class='ocrx_word' id='word_1_248' title='bbox 471 3718 565 3797; x_wconf 80' lang='lat' dir='ltr'><em>fnit»,</em></span> <span class='ocrx_word' id='word_1_249' title='bbox 600 3716 753 3782; x_wconf 88' lang='lat' dir='ltr'><em>homines</em></span> <span class='ocrx_word' id='word_1_250' title='bbox 792 3736 883 3781; x_wconf 85' lang='lat' dir='ltr'><em>anno</em></span> <span class='ocrx_word' id='word_1_251' title='bbox 916 3716 958 3780; x_wconf 88' lang='grc'><em>14</em></span> <span class='ocrx_word' id='word_1_252' title='bbox 989 3715 1185 3781; x_wconf 85' lang='lat' dir='ltr'><em>disserentes</em></span> <span class='ocrx_word' id='word_1_253' title='bbox 1209 3716 1287 3782; x_wconf 88' lang='lat' dir='ltr'><em>facit</em></span> <span class='ocrx_word' id='word_1_254' title='bbox 1310 3719 1368 3784; x_wconf 88' lang='lat' dir='ltr'><em>sic:</em></span> 
     </span>
     <span class='ocr_line' id='line_1_34' title="bbox 309 3823 1372 3905; baseline 0.004 -20"><span class='ocrx_word' id='word_1_255' title='bbox 309 3842 367 3886; x_wconf 71' lang='lat' dir='ltr'><em>«ne</em></span> <span class='ocrx_word' id='word_1_256' title='bbox 388 3823 432 3886; x_wconf 91' lang='lat' dir='ltr'><em>iis</em></span> <span class='ocrx_word' id='word_1_257' title='bbox 454 3823 579 3904; x_wconf 77' lang='lat' dir='ltr'><em>qnidern</em></span> <span class='ocrx_word' id='word_1_258' title='bbox 603 3825 706 3900; x_wconf 89' lang='lat' dir='ltr'><em>annis,</em></span> <span class='ocrx_word' id='word_1_259' title='bbox 735 3824 849 3905; x_wconf 78' lang='lat' dir='ltr'><em>onitas</em></span> <span class='ocrx_word' id='word_1_260' title='bbox 876 3823 984 3887; x_wconf 87' lang='lat' dir='ltr'><em>Rbodi</em></span> <span class='ocrx_word' id='word_1_261' title='bbox 1010 3824 1112 3902; x_wconf 87' lang='lat' dir='ltr'><em>specie</em></span> <span class='ocrx_word' id='word_1_262' title='bbox 1139 3843 1276 3888; x_wconf 88' lang='lat' dir='ltr'><em>secessas</em></span> <span class='ocrx_word' id='word_1_263' title='bbox 1299 3825 1372 3889; x_wconf 83' lang='lat' dir='ltr'><em>eant</em></span> 
     </span>
     <span class='ocr_line' id='line_1_35' title="bbox 305 3928 1370 4010; baseline 0.002 -19"><span class='ocrx_word' id='word_1_264' title='bbox 305 3929 410 4010; x_wconf 80' lang='lat' dir='ltr'><em>aperit,</em></span> <span class='ocrx_word' id='word_1_265' title='bbox 434 3928 525 3992; x_wconf 84' lang='lat' dir='ltr'><em>alind</em></span> <span class='ocrx_word' id='word_1_266' title='bbox 546 3949 641 4009; x_wconf 77' lang='lat' dir='ltr'><em>anain</em></span> <span class='ocrx_word' id='word_1_267' title='bbox 668 3930 753 3993; x_wconf 90' lang='lat' dir='ltr'><em>irarn</em></span> <span class='ocrx_word' id='word_1_268' title='bbox 783 3935 813 3993; x_wconf 92' lang='lat' dir='ltr'><em>et</em></span> <span class='ocrx_word' id='word_1_269' title='bbox 834 3929 1066 3993; x_wconf 84' lang='lat' dir='ltr'><em>simniatiraeni</em></span> <span class='ocrx_word' id='word_1_270' title='bbox 1093 3935 1122 3992; x_wconf 91' lang='lat' dir='ltr'><em>et</em></span> <span class='ocrx_word' id='word_1_271' title='bbox 1143 3935 1278 3994; x_wconf 88' lang='lat' dir='ltr'><em>secretas</em></span> <span class='ocrx_word' id='word_1_272' title='bbox 1299 3929 1370 3994; x_wconf 85' lang='lat' dir='ltr'><em>iibi-</em></span> 
     </span>
     <span class='ocr_line' id='line_1_36' title="bbox 304 4034 634 4098; baseline 0.003 -1"><span class='ocrx_word' id='word_1_273' title='bbox 304 4034 395 4098; x_wconf 82' lang='lat' dir='ltr'><em>dines</em></span> <span class='ocrx_word' id='word_1_274' title='bbox 417 4035 634 4098; x_wconf 82' lang='lat' dir='ltr'><em>meditatam».</em></span> 
     </span>
     <span class='ocr_line' id='line_1_37' title="bbox 197 4137 1370 4225; baseline 0.003 -24"><span class='ocrx_word' id='word_1_275' title='bbox 197 4137 223 4214; x_wconf 83' lang='lat' dir='ltr'><em>I,</em></span> <span class='ocrx_word' id='word_1_276' title='bbox 250 4139 301 4217; x_wconf 80' lang='lat'><em>74,</em></span> <span class='ocrx_word' id='word_1_277' title='bbox 325 4159 532 4224; x_wconf 87' lang='lat' dir='ltr'><em>quamquam</em></span> <span class='ocrx_word' id='word_1_278' title='bbox 566 4139 743 4205; x_wconf 89' lang='lat' dir='ltr'><em>memoriae</em></span> <span class='ocrx_word' id='word_1_279' title='bbox 775 4138 923 4225; x_wconf 87' lang='lat' dir='ltr'><em>prodidit</em></span> <span class='ocrx_word' id='word_1_280' title='bbox 953 4139 978 4218; x_wconf 91' lang='lat' dir='ltr'><em>I,</em></span> <span class='ocrx_word' id='word_1_281' title='bbox 1005 4140 1047 4204; x_wconf 88' lang='lat'><em>80</em></span> <span class='ocrx_word' id='word_1_282' title='bbox 1075 4137 1246 4203; x_wconf 87' lang='lat' dir='ltr'><em>Tiberium</em></span> <span class='ocrx_word' id='word_1_283' title='bbox 1272 4141 1370 4204; x_wconf 81' lang='lat' dir='ltr'><em>«aitia</em></span> 
     </span>
    </p>
   </div>
   <div class='ocr_carea' id='block_1_3' title="bbox 305 4245 1367 4398">
    <p class='ocr_par' dir='ltr' id='par_1_3' title="bbox 305 4245 1367 4398">
     <span class='ocr_line' id='line_1_38' title="bbox 305 4245 1367 4329; baseline -0.002 -19"><span class='ocrx_word' id='word_1_284' title='bbox 305 4247 437 4324; x_wconf 73' lang='lat' dir='ltr'><em>odisse»,</em></span> <span class='ocrx_word' id='word_1_285' title='bbox 454 4245 513 4325; x_wconf 90' lang='lat' dir='ltr'><em>IH,</em></span> <span class='ocrx_word' id='word_1_286' title='bbox 532 4247 573 4313; x_wconf 84' lang='lat'><em>37</em></span> <span class='ocrx_word' id='word_1_287' title='bbox 595 4247 709 4312; x_wconf 77' lang='lat' dir='ltr'><em>«nattis</em></span> <span class='ocrx_word' id='word_1_288' title='bbox 720 4247 951 4329; x_wconf 78' lang='lat' dir='ltr'><em>aotnptatibns»</em></span> <span class='ocrx_word' id='word_1_289' title='bbox 971 4265 1048 4311; x_wconf 85' lang='lat' dir='ltr'><em>eum</em></span> <span class='ocrx_word' id='word_1_290' title='bbox 1065 4265 1136 4312; x_wconf 87' lang='lat' dir='ltr'><em>esse</em></span> <span class='ocrx_word' id='word_1_291' title='bbox 1155 4251 1367 4322; x_wconf 79' lang='lat' dir='ltr'><em>«aoooatnnn,</em></span> 
     </span>
     <span class='ocr_line' id='line_1_39' title="bbox 1250 4359 1263 4398; baseline 0 0"><span class='ocrx_word' id='word_1_292' title='bbox 1250 4359 1263 4398; x_wconf 85' lang='lat'><strong>3</strong></span> 
     </span>
    </p>
   </div>
   <div class='ocr_carea' id='block_1_4' title="bbox 0 0 1638 4918">
    <p class='ocr_par' dir='ltr' id='par_1_4' title="bbox 0 0 1638 4918">
     <span class='ocr_line' id='line_1_40' title="bbox 0 0 1638 4918; baseline 0 0"><span class='ocrx_word' id='word_1_293' title='bbox 0 0 1638 4918; x_wconf 95' lang='lat' dir='ltr'><em> </em></span> 
     </span>
    </p>
   </div>
  </div>
 </body>
</html>
