3266 4918
659 269 879 334 -35..

182 465 224 544 H,
250 465 292 530 50
316 462 429 528 scribit
450 462 549 526 haec:
578 463 788 528 «adolescebat
810 465 932 527 intereo
954 464 1004 528 lere
1026 463 1219 527 molestetis»
1246 467 1278 526 et
1300 461 1355 525 ad-

289 568 430 634 ulteram
453 565 635 632 maiestatis
652 566 840 632 absolutam
863 588 934 632 esse
950 573 1083 632 auctore
1099 565 1231 632 Tiberio
1246 568 1370 645 refert,

290 673 442 738 adulterii
465 671 668 737 damnatam.

184 780 227 861 Π,
253 781 305 858 84,
329 799 538 864 quamquam
560 778 631 864 ipse
653 779 696 858 H,
720 779 763 844 43
795 778 1026 864 Agrippinam,
1060 799 1198 844 uxorem
1223 778 1355 844 Germa·

290 885 366 965 nici,
384 905 470 970 quae
485 883 600 950 multis
616 883 726 950 liberis
743 889 839 948 aucta
857 884 909 962 sit,
929 883 1080 964 celebrat,
1104 890 1217 949 tamen
1233 885 1356 950 Tiberii

289 991 451 1056 laetitiam
482 991 631 1076 increpat
654 997 786 1076 captam
810 1011 851 1055 ex
878 989 1057 1076 nepotibus
1087 991 1173 1055 natis
1195 992 1346 1076 geminis

184 1099 317 1163 Iustum
332 1117 403 1162 esse
418 1095 589 1176 iudicium,
614 1097 704 1181 quod
723 1097 786 1162 fert
807 1097 850 1177 Il,
877 1099 917 1162 87
942 1097 1066 1163 verbis:
1094 1100 1197 1163 «ande
1219 1105 1354 1181 ungasto

292 1210 321 1269 et
354 1204 476 1268 lubrica
508 1204 608 1268 orotc'o
639 1203 696 1268 sab
725 1205 883 1284 principe,
907 1205 963 1286 pat
985 1205 1157 1268 libertatem
1181 1206 1351 1270 metuebat»

292 1307 427 1374 Tacitus
458 1305 640 1393 (usquead
664 1328 794 1373 annum
819 1306 872 1394 19)
901 1309 994 1373 nullo
1017 1309 1168 1394 exemplo
1192 1309 1353 1388 ostendit;

292 1415 375 1500 quin
390 1414 500 1500 potius
517 1419 549 1478 et
567 1411 699 1478 dicendi
714 1419 746 1478 et
763 1413 928 1479 scribendi
943 1413 1128 1480 libertatem
1145 1414 1208 1481 sub
1224 1415 1355 1481 Tiberio

291 1521 393 1586 fuisse
425 1521 495 1606 ipse
527 1519 619 1584 testis
647 1523 697 1583 est
719 1539 797 1585 aun.
831 1521 856 1599 Ι,
883 1522 939 1599 74;
974 1521 1017 1598 ΙΙ,
1041 1522 1100 1599 50;
1136 1521 1195 1600 III,
1222 1523 1277 1600 703
1313 1522 1353 1587 of.

293 1625 382 1691 Suet.
407 1624 480 1690 Tib.
506 1627 564 1704 283
588 1624 652 1689 Dio
676 1625 729 1704 57,
755 1628 784 1690 9.

185 1733 245 1814 III,
270 1735 305 1798 31
328 1739 361 1798 et
376 1735 417 1798 37
434 1732 593 1810 Drusum,
610 1731 734 1796 Tiberii
749 1730 867 1810 filium,
884 1730 1008 1812 laudat,
1026 1733 1084 1816 qui
1101 1733 1195 1798 aliter
1209 1755 1248 1798 ac
1263 1741 1356 1819 pater

296 1841 349 1904 «irc
361 1841 446 1917 arbe,
456 1841 540 1904 teter
549 1844 651 1903 coetus
661 1845 689 1903 et
700 1858 857 1904 sermones
871 1840 1031 1903 matteum
1048 1841 1226 1904 oboersotas
1238 1848 1356 1906 secreto

285 1945 395 2025 putris
416 1946 617 2028 mitigaverit,
641 1951 670 2009 et
696 1945 857 2009 Tiberiane
872 1946 1073 2026 reprehendit
1094 1947 1130 2010 e‘rr
1153 1967 1195 2024 ea,
1219 1948 1302 2028 qaod
1317 1948 1355 2012 ob

292 2052 369 2116 arbe
392 2051 548 2131 ofaerr‘tr;
573 2070 688 2114 rursus
710 2049 770 2128 III,
795 2050 838 2114 59
854 2049 977 2114 Tiberii
999 2049 1186 2115 absentiam
1209 2051 1357 2117 defendit

292 2159 325 2220 ct
347 2155 537 2241 superbiam
560 2155 710 2240 increpat
732 2154 841 2219 Drusi.

243 2309 244 2312 ,
277 2259 343 2325 Sed
358 2260 442 2326 haec
456 2260 629 2324 hactenus.
665 2260 752 2325 Satis
768 2260 851 2326 mihi
868 2259 981 2327 videor
995 2263 1179 2328 ostendisse
1202 2265 1356 2329 Tacitum

185 2366 342 2451 iniquum
371 2365 473 2430 luisse
504 2366 635 2430 Tiberio
669 2367 706 2430 in
739 2365 809 2431 eius
833 2366 910 2446 vita,
935 2368 1093 2448 moribus,
1119 2369 1214 2434 factis
1238 2369 1356 2435 descri-

186 2471 305 2537 bendis
321 2492 430 2556 neque
446 2491 525 2550 esse,
543 2492 602 2536 cur
617 2471 718 2536 fidem
735 2472 765 2536 ei
788 2471 991 2558 denegemus
1007 2473 1177 2542 Tiberium
1193 2475 1353 2542 laudanti.

185 2577 303 2663 Itaque
325 2598 438 2644 veram
454 2598 475 2643 a
489 2576 617 2644 Velleio
633 2597 823 2663 expressam
846 2600 917 2644 esse
938 2581 1120 2666 imaginem
1142 2583 1189 2647 rei
1203 2583 1356 2668 publicae

186 2704 206 2748 a
228 2683 360 2749 Tiberio
388 2684 486 2750 annis
519 2685 649 2750 14-23
672 2683 922 2750 administratae
945 2687 1160 2752 manifestum
1185 2695 1243 2753 est.
1291 2687 1356 2754 Sed

185 2789 309 2854 iustam
349 2810 419 2855 esse
454 2790 663 2856 Velleianam
702 2793 956 2879 descriptionem
995 2800 1027 2858 et
1060 2815 1239 2880 congruere
1278 2785 1356 2859 oum

186 2894 285 2960 rebus
309 2896 408 2960 etiarn
430 2895 510 2961 inde
532 2895 575 2962 ab
591 2917 683 2962 anno
707 2899 786 2963 23a
808 2899 940 2964 Tiberio
962 2899 1062 2985 gestis
1085 2921 1178 2965 nunc
1201 2921 1284 2986 opus
1308 2907 1357 2966 est

188 3000 359 3087 explicare.

275 3106 387 3192 Atque
410 3107 545 3173 Tacitus
569 3109 682 3174 scribit
703 3109 763 3189 IV,
791 3112 824 3174 1:
853 3111 909 3176 «0.
930 3112 1045 3178 Amata
1072 3111 1105 3178 0.
1124 3113 1264 3178 Antistio
1288 3135 1357 3179 corr-

188 3214 311 3279 solitos
326 3234 428 3279 nonas
446 3216 569 3281 Trberto
585 3238 689 3282 eneas
705 3224 775 3282 erut
793 3221 976 3298 compositae
991 3219 1198 3300 reipublicae,
1215 3221 1359 3300 floreatis

187 3321 305 3399 domoc,
330 3342 400 3387 cam
418 3328 544 3402 repente
559 3324 687 3387 turbore
700 3326 833 3405 fortuna
856 3327 962 3405 coepit,
985 3327 1106 3390 sueor're
1128 3327 1196 3406 ipse
1211 3333 1268 3390 oret
1289 3346 1357 3390 soe·
1439 3347 1442 3352 ’

186 3427 341 3492 aientibus
362 3429 446 3492 eires
462 3429 635 3510 praebere»
662 3434 694 3493 et
716 3427 775 3508 VI,
796 3430 853 3494 51:
882 3432 984 3496 «idem
999 3425 1077 3514 (soil.
1095 3427 1259 3516 Tiberius)
1272 3433 1358 3496 later

188 3531 268 3596 borco
290 3533 435 3615 oculoque
457 3537 576 3600 reiectas
598 3537 749 3600 incolorat
770 3543 904 3602 matre».
941 3535 1097 3601 Similiter
1120 3543 1232 3602 autem
1256 3543 1358 3622 atque

188 3635 321 3700 Tacitus
349 3636 413 3702 Dio
435 3638 570 3715 iudicat,
606 3660 684 3704 cum
713 3645 746 3706 et
777 3641 949 3707 saein'tiam
979 3640 1110 3706 Tiberio
1138 3642 1268 3707 crimini
1301 3642 1359 3708 dat

188 3761 356 3806 summam
380 3747 413 3806 et
435 3764 693 3830 nonnumquam
717 3746 862 3812 eundem
879 3748 1003 3832 optime
1025 3747 1140 3813 fecisse
1163 3745 1288 3825 scribit;
1315 3748 1355 3812 of.

189 3849 241 3927 57,
267 3849 323 3912 24τ
347 3858 488 3914 τοσοῦτον
512 3853 566 3932 μὲν
590 3851 629 3937 δὴ
651 3856 685 3916 τὸ
709 3854 888 3919 διαλλάττον
912 3852 942 3916 ἐν
966 3863 1035 3926 ταῖς
1054 3849 1192 3936 Τιβερίου
1216 3854 1357 3937 πράξεσιν

188 3953 255 4040 ἦν».
303 3953 483 4020 Suetonius
506 3955 651 4043 denique
673 3957 845 4023 Tiberium
868 3979 957 4023 anno
981 3961 1023 4024 23
1046 3959 1264 4024 immutatum
1288 3980 1359 4025 esse

187 4081 257 4125 non
280 4060 389 4141 tradit,
422 4082 538 4128 verum
562 4063 719 4130 vitiosum
749 4064 876 4130 factum
899 4070 1012 4129 narrat
1033 4063 1112 4128 inde
1135 4063 1178 4129 ab
1202 4085 1291 4129 anno
1315 4065 1357 4130 26

189 4162 272 4249 (Tib.
289 4165 354 4252 41).
387 4168 481 4245 Quae
497 4189 574 4232 cum
589 4169 636 4233 ita
652 4170 728 4248 sint,
750 4190 852 4249 nunc,
869 4191 954 4255 quae
971 4170 1072 4256 egerit
1090 4169 1241 4235 Tiberius
1260 4171 1357 4235 annis

190 4272 331 4350 23-26,
357 4273 611 4339 consideremus.

1225 4397 1251 4438 3.
