3266 4918
748 239 970 303 ..30-

273 433 457 500 sententiae
479 432 537 512 1111,
562 451 665 517 quam
682 452 723 496 ex
740 431 843 498 altero
861 430 966 498 Taciti
985 438 1183 516 argumento
1199 431 1448 499 enucleavimus

273 537 359 624 (dico
381 537 509 603 nemini
524 543 598 603 tum
615 558 684 602 non
699 557 897 622 persuasum
913 537 1015 602 fuisse
1029 535 1177 622 indigere
1191 559 1262 603 rem
1277 538 1447 624 publicam

273 645 463 710 Romanam
487 643 601 731 regni).
648 643 761 708 Verba
783 649 897 708 autem
925 645 1066 709 «ratione
1088 647 1190 727 mopis
1217 666 1312 726 quom
1334 646 1449 711 boaorc

274 753 409 816 nictum»
440 749 622 835 quominus
654 750 742 814 iusta
774 769 845 814 esse
875 753 1042 833 putemus,
1078 769 1147 813 non
1176 755 1285 834 potest
1318 748 1449 815 obstare

272 856 416 923 aviditas
439 855 496 922 illa
518 854 690 941 regnandi,
716 875 820 941 quam
843 854 975 920 Tiberio
998 854 1129 920 crimini
1152 853 1235 920 dant
1258 854 1446 934 Suetonius,

274 963 419 1042 Tacitus,
436 962 509 1042 Dio,
533 961 725 1047 praesertim
746 981 824 1025 cum
839 981 909 1026 non
925 960 1017 1026 omni
1036 966 1170 1026 careant
1184 961 1447 1040 confirmatione;

273 1089 355 1134 nam
378 1069 549 1134 Tiberium
571 1068 713 1133 honores
737 1089 806 1132 non
829 1067 930 1132 modo
953 1088 1024 1132 non
1046 1067 1243 1153 appetivisse
1266 1066 1448 1132 sedetiam

274 1175 467 1261 repudiasse
489 1173 700 1260 cognoscitur
723 1180 755 1238 et
777 1195 819 1238 ex
835 1173 987 1238 Suetonii
1001 1173 1075 1238 Tib.
1101 1175 1143 1238 26
1160 1194 1208 1257 sq.
1225 1178 1258 1237 et
1275 1193 1317 1236 ex
1332 1171 1449 1238 Dionis

274 1283 328 1362 57,
354 1283 438 1366 Ssq.
462 1285 495 1346 et
510 1301 551 1344 ex
566 1279 673 1344 'Taciti
692 1277 809 1357 ann.I‚
837 1280 887 1343 14.
920 1280 979 1356 723
1004 1279 1047 1356 ΙΙ,
1072 1281 1130 1357 87;
1154 1278 1213 1358 ΠΙ,
1238 1279 1290 1343 47.
1323 1278 1366 1342 65
1387 1283 1447 1344 etc.

275 1387 431 1454 Oeterum
448 1385 609 1464 Tiberius,
626 1385 654 1450 si
668 1384 811 1449 honores
825 1405 940 1469 reapse
955 1385 1117 1470 appetitos
1134 1383 1241 1469 specie
1255 1388 1448 1461 recusasset,

275 1493 361 1557 nihil
383 1490 475 1557 aliud
497 1491 636 1570 fecisset,
660 1490 726 1555 nisi
745 1489 836 1575 quod
852 1490 958 1556 facere
979 1489 1107 1555 solebat
1121 1490 1309 1576 Augustus;
1328 1490 1368 1554 cf.
1386 1489 1449 1554 Dio

275 1600 331 1678 55,
356 1600 390 1676 6;
416 1599 468 1677 56,
494 1600 547 1663 28.

363 1705 437 1770 Iam
466 1702 510 1768 ad
542 1723 581 1768 ea
612 1701 853 1789 aggrediamur,
884 1722 970 1787 quae
998 1701 1147 1767 Velleius
1178 1701 1291 1766 scribit
1316 1703 1388 1780 124,
1413 1703 1448 1766 3:

278 1817 368 1892 «post
389 1794 549 1875 redditum
574 1804 801 1890 eoclo'potrem
825 1816 854 1874 et
877 1829 990 1889 eorpus
1014 1811 1082 1874 eius
1105 1810 1254 1874 hamonis
1271 1809 1448 1886 bonoribus,

275 1937 393 1981 eumen
420 1917 539 1980 divinis
567 1917 762 1993 honoratum,
789 1917 935 1995 primam
959 1916 1194 1996 principalium
1226 1916 1294 1980 eius
1320 1935 1450 1995 operum

272 2023 341 2104 fuit
359 2022 518 2087 ordinatio
535 2023 761 2087 comitiorum».
802 2018 896 2095 Quae
919 2040 997 2084 vera
1019 2039 1090 2084 esse
1112 2025 1211 2085 testes
1235 2025 1315 2084 sunt
1337 2017 1450 2084 Sueto-

276 2126 355 2192 nius
382 2125 468 2210 Aug.
505 2126 577 2205 100,
610 2125 745 2190 Tacitus
775 2145 853 2189 ann.
886 2124 913 2205 1,
939 2129 958 2190 8
987 2130 1019 2189 11
1050 2127 1101 2206 15,
1134 2125 1198 2190 Dio
1228 2126 1280 2205 56,
1311 2126 1355 2190 34
1378 2145 1448 2210 sqq.

276 2232 389 2317 Atque
411 2231 603 2316 Augustum
625 2231 765 2310 Tiberio,
783 2252 884 2315 quem
907 2231 1106 2297 admodum
1125 2232 1259 2298 comitia
1274 2231 1449 2310 ordinaret,

275 2342 476 2403 testamento
498 2336 749 2423 praescripsisse
764 2336 913 2402 Velleius
929 2337 1019 2402 solus
1041 2359 1103 2402 nos
1126 2338 1231 2403 docet.
1263 2336 1449 2422 Reprehen-

276 2441 408 2508 dendus
433 2448 545 2507 autem
580 2447 630 2507 est
661 2443 796 2507 Tacitus
827 2443 863 2506 111
895 2464 942 2522 ec,
980 2443 1070 2528 quod
1093 2444 1119 2522 Ι,
1144 2445 1164 2508 6
1193 2442 1316 2528 quippe
1347 2442 1449 2507 homo

276 2549 409 2614 Tiberio
440 2549 576 2633 iniquus
612 2551 771 2630 «primum
802 2552 876 2615 acui
900 2552 1107 2632 principatus
1135 2551 1283 2632 focinus»
1314 2548 1449 2614 caedem

276 2655 445 2741 Agrippae
465 2654 621 2740 appellat,
646 2675 749 2739 quam
772 2655 905 2720 'liberio
928 2655 1059 2736 crimini
1082 2655 1161 2721 dare
1176 2655 1297 2721 studet.
1332 2656 1449 2740 Neque

278 2761 367 2826 enim
391 2781 433 2825 ex
457 2760 507 2840 iic,
541 2781 626 2845 quae
656 2761 835 2826 Suetonius
858 2762 931 2827 Tib.
958 2764 1000 2827 22
1024 2770 1057 2827 11
1078 2762 1142 2827 Dio
1165 2763 1218 2842 57,
1244 2765 1264 2826 3
1291 2761 1448 2840 referunt,

276 2867 417 2954 perspici
434 2871 543 2952 potest
558 2867 741 2953 Agrippam
758 2868 972 2933 interfectum
995 2889 1065 2933 esse
1087 2868 1183 2955 iussu
1205 2868 1342 2948 Tiberii3
1367 2867 1449 2952 quin

275 2973 378 3038 etiam
407 2971 584 3039 verisimile
617 2994 687 3038 esse
715 2974 919 3058 Augustum,
954 2979 993 3038 ut
1021 2974 1170 3060 Agrippa
1201 2973 1447 3053 interficeretur,

276 3078 493 3164 imperavisse
516 3078 695 3144 Suetonius
719 3084 834 3145 auctor
857 3086 916 3146 est.

367 3185 432 3251 Sed
455 3185 496 3250 de
520 3207 558 3250 eu
581 3207 615 3252 re
637 3187 732 3251 alias:
757 3208 850 3253 nunc
878 3193 1045 3252 transeam
1073 3186 1117 3252 ad
1139 3187 1225 3252 Veli.
1249 3187 1291 3266 11,
1319 3186 1391 3264 125,
1419 3186 1447 3249 1,

276 3290 354 3368 Quo
369 3291 441 3356 loco
458 3292 596 3378 scriptor
610 3292 774 3378 populum
785 3293 978 3359 Romanum
993 3295 1136 3378 gratiam
1144 3292 1276 3358 Tiberio
1291 3290 1449 3356 habuisse

276 3395 388 3475 tradit,
421 3398 481 3482 qui
503 3399 655 3484 princeps
684 3399 853 3464 extitisset.
901 3399 996 3477 Quae
1022 3421 1089 3465 non
1116 3399 1296 3465 abhorrent
1327 3418 1347 3462 a
1373 3396 1447 3462 fide.

277 3501 394 3588 Neque
417 3503 507 3567 enim
530 3508 638 3588 potest
660 3503 815 3583 dubitari,
840 3505 923 3590 quin
946 3505 1092 3571 Romani
1121 3504 1249 3571 bellum
1277 3503 1372 3570 civile
1396 3502 1448 3567 dc-

277 3607 463 3687 vitavcrint,
489 3609 567 3692 quia
590 3609 742 3674 Tiberius
761 3613 928 3677 «stationi»
947 3612 1092 3697 Augusti
1108 3611 1278 3689 successit;
1303 3610 1343 3675 cf.
1368 3608 1446 3673 Tac.

276 3735 357 3779 ann.
380 3713 407 3793 I,
431 3715 467 3794 53
495 3715 620 3796 «plures
643 3717 755 3782 bellum
772 3738 949 3798 pavescere,
975 3720 1034 3784 olii
1063 3740 1205 3801 cupere».
1253 3715 1348 3793 Quae
1373 3716 1445 3794 125,

281 3823 297 3885 1
323 3841 372 3906 sq.
397 3821 437 3886 de
460 3820 679 3887 seditionibus
701 3843 791 3887 anno
817 3824 859 3888 14
881 3844 901 3888 1
923 3823 1086 3889 militibus
1109 3823 1146 3887 in
1169 3821 1350 3888 Germania
1365 3821 1448 3885 etin
1487 3818 1490 3822 ’

275 3926 409 4012 Illyrico
432 3926 527 3992 factis
550 3926 697 3994 Velleius
720 3935 842 4008 narrat,
873 3950 912 3995 ea
934 3951 1012 3997 vera
1041 3950 1111 3995 esse
1138 3930 1217 3995 satis
1243 3934 1354 4015 potest
1375 3948 1447 4012 cog·

277 4032 372 4098 nosci
403 4055 445 4098 ex
474 4033 524 4114 iis,
549 4054 635 4118 quae
666 4033 756 4119 apud
789 4035 943 4100 Tacitum
975 4056 1053 4101 ann.
1078 4036 1104 4115 Ι,
1132 4036 1261 4101 16-49
1294 4040 1328 4100 et
1356 4032 1448 4119 apud

278 4139 497 4220 1111111157,
529 4141 551 4204 4
574 4159 622 4224 sq.
648 4139 770 4224 scripta
799 4145 887 4205 sunt.
934 4139 1046 4226 Atque
1075 4143 1146 4207 iure
1171 4143 1244 4221 125,
1270 4142 1291 4206 3
1318 4141 1448 4206 laudari

252 4307 254 4310 .
277 4265 318 4309 ea
340 4265 426 4329 quae
448 4244 610 4340 Tiberius,
628 4250 667 4310 ut
681 4245 802 4311 milites
818 4245 956 4327 sedaret,
973 4247 1059 4327 fecit,
1076 4268 1118 4313 ex
1132 4248 1232 4313 rebus
1247 4267 1332 4332 quas
1349 4248 1449 4313 refert
