3266 4918
670 204 891 284 »ot-2-

195 407 248 485 35.
273 420 325 484 66.
352 418 410 496 72;
433 415 494 495 IV,
520 417 549 480 2.
575 417 604 480 3.
632 417 661 479 7.
685 414 738 479 40.
764 415 816 479 68.
843 413 886 478 74
909 420 941 478 et
964 433 984 476 a
1006 411 1164 477 Suetonio
1180 402 1253 480 Tib.
1271 406 1314 476 65
1333 416 1366 476 et

195 545 215 590 a
237 505 345 590 Dione
368 525 421 603 57,
448 511 499 590 19.
525 523 581 599 21;
606 521 659 600 58,
685 522 715 586 2.
739 523 776 602 43
801 541 882 585 nam
897 539 1067 585 summam
1082 517 1223 584 Seianus
1245 517 1366 583 habuit

196 629 427 696 auctoritatem
450 649 488 694 eo
511 633 660 714 tempore
683 649 750 713 quo
774 627 904 713 scripsit
926 625 1085 692 Velleius.

282 735 492 802 Examinatis
513 735 554 801 iis
577 753 664 820 quae
687 733 729 799 de
751 733 830 801 viris
847 731 996 824 Velleius
1019 729 1198 796 memoriae
1220 729 1366 815 prodidit

193 864 302 930 neque
335 841 591 930 propinquitatis
623 861 733 926 neque
768 837 938 904 affinitatis
970 835 1113 905 vinculis
1136 837 1268 902 Tiberio
1291 857 1365 902 oon·

194 949 327 1029 iunctis,
350 948 493 1016 breviter
515 967 617 1033 quem
635 945 790 1012 habuerit
805 944 971 1010 delectum
986 943 1165 1010 hominum
1188 963 1366 1030 rerumque

196 1056 239 1121 ab
270 1056 310 1120 iis
342 1060 521 1141 gestarum,
552 1053 808 1119 consideremus.
856 1048 973 1136 Neque
1007 1051 1098 1116 enim
1131 1050 1273 1131 defuere,
1308 1051 1366 1137 qui

195 1162 335 1249 probare
358 1160 529 1228 studerent
544 1182 622 1226 eum
637 1160 742 1225 nimia
756 1159 793 1224 in
808 1157 961 1223 homines
977 1157 1141 1242 quosdam
1157 1157 1367 1224 observantia

196 1267 337 1333 ductum
373 1287 529 1354 persaepe
563 1267 711 1334 virorum
744 1265 950 1331 mentionem
977 1284 1048 1328 non
1072 1262 1187 1330 fecisse
1209 1263 1275 1330 nisi
1296 1264 1367 1328 lau·

195 1372 299 1438 dandi
330 1379 389 1438 aut
420 1371 606 1458 castigandi
637 1392 747 1438 causa.
794 1370 927 1449 Quibus
957 1371 994 1435 in
1026 1371 1104 1437 vi1is
1132 1370 1238 1436 doctis
1261 1369 1366 1436 nomi·

194 1479 301 1546 nandi
323 1485 403 1545 sunt
425 1477 597 1545 Abraham
621 1475 662 1566 (p.
689 1475 810 1564 8sqq.)
834 1483 866 1542 et
889 1465 1029 1563 Stanger
1051 1475 1094 1565 (p.
1119 1479 1162 1543 22
1175 1473 1245 1563 sq).
1280 1476 1367 1554 Quo·

194 1609 272 1653 rum
294 1585 350 1650 hic
372 1583 540 1652 Velleium
574 1585 727 1652 homines
762 1590 795 1649 et
826 1583 980 1649 laudasse
1011 1590 1044 1649 et
1065 1585 1270 1669 vituperasse
1293 1604 1367 1649 con·

194 1691 303 1758 tendit
333 1692 456 1758 Tiberii
489 1691 605 1778 gratia.
650 1691 710 1757 llle
743 1697 856 1756 autem
889 1711 966 1756 eum
999 1711 1069 1755 non
1091 1689 1201 1768 ¹modo
1236 1687 1367 1756 Tiberio

194 1798 317 1866 favisse
339 1798 460 1878 scribit,
494 1798 551 1864 sed
585 1798 685 1864 etiam
716 1798 808 1886 gregi
840 1797 972 1863 crudam
997 1798 1152 1878 virorum,
1185 1797 1367 1883 inquibus

195 1905 355 1973 emineret
377 1905 474 1971 Ootta
496 1904 716 1971 Messallinus
1292 1894 1295 1900 “

284 2012 379 2090 Quae
401 2033 468 2099 quo
491 2011 592 2078 modo
615 2013 683 2078 sint
705 2033 766 2099 age
789 2011 1045 2078 consideremus.

283 2120 401 2207 Neque
423 2119 590 2188 Velleium
621 2119 753 2185 Tiberio
785 2119 861 2206 plus
888 2140 995 2203 aequo
1018 2118 1138 2186 favisse
1160 2124 1269 2206 potest
1291 2139 1365 2186 con·

196 2227 279 2294 cedi.
326 2225 464 2290 Etenim
486 2217 674 2291 ¹nonnullos
706 2225 844 2312 scriptor
865 2225 953 2292 viros
975 2223 1132 2290 laudibus
1156 2225 1258 2305 effert,
1284 2246 1367 2311 quos

197 2330 322 2398 Tiberii
353 2332 497 2417 partium
530 2353 600 2397 non
634 2331 736 2398 fuisse
766 2337 904 2397 constat.
951 2332 1010 2411 Ita,
1043 2337 1081 2396 ut
1112 2332 1264 2396 omittam
1301 2351 1365 2412 ece,

198 2459 342 2526 quorum
366 2437 504 2525 scriptor
526 2437 834 2505 mentionem-facit
856 2445 934 2503 ante
956 2439 998 2518 H,
1026 2439 1099 2517 101,
1124 2436 1160 2504 Ο.
1185 2437 1290 2504 Sentii
1312 2438 1367 2504 Sa·

197 2545 399 2616 turninires
422 2550 532 2632 gestas
555 2545 706 2625 celebrat,
740 2566 841 2629 quem
865 2545 1011 2610 amicum
1045 2543 1234 2609 Germanici
1266 2549 1367 2629 atque

197 2649 400 2738 Agrippinae
429 2651 532 2717 fuisse
562 2653 696 2717 Tacitus
729 2671 790 2716 nos
820 2650 917 2716 docet
950 2671 1028 2716 ann.
1052 2651 1094 2729 Π,
1121 2653 1171 2715 74.
1198 2652 1250 2729 79,
1275 2656 1307 2716 et
1329 2651 1365 2716 P.

198 2756 389 2824 Cornelium
418 2756 631 2825 Dolabellum
663 2757 715 2843 (cf.
740 2779 772 2843 p.
797 2755 851 2844 60)
884 2762 916 2822 et
947 2756 1081 2822 Aelium
1115 2755 1282 2836 Lamiam;
1324 2757 1365 2823 cf.

198 2864 276 2929 Tac.
300 2885 378 2930 ann.
403 2864 462 2944 VI,
488 2866 539 2930 27.
572 2865 641 2931 Nec
663 2885 741 2932 vero
764 2862 864 2929 modo
887 2864 974 2930 viros
997 2862 1087 2949 apud
1104 2863 1276 2928 Tiberium
1298 2884 1368 2928 non

197 2969 357 3055 gratiosos
379 2970 504 3051 laudat,
530 2970 709 3037 sedetiam
731 2971 880 3057 increpat
902 2969 955 3036 vel
971 2969 1095 3035 omittit
1109 2969 1241 3034 Tiberio
1265 2990 1366 3035 caros.

197 3075 249 3140 Ita
271 3075 425 3142 Manium
439 3076 605 3164 Lepidum
627 3098 697 3142 non
719 3077 881 3156 nominat,
900 3077 1010 3143 virum
1030 3098 1175 3159 «prooem
1193 3098 1230 3142 oc
1245 3078 1367 3158 soptea·

198 3189 290 3262 tem»,
315 3183 375 3268 qui
400 3185 578 3266 «aequabat
600 3185 786 3250 auctoritate
809 3190 837 3248 et
856 3185 966 3266 pratia
988 3183 1076 3263 apud
1103 3184 1264 3248 Tiberium
1287 3185 1368 3267 cipe·

199 3290 269 3355 bat»
295 3285 348 3376 (cf.
365 3288 442 3355 Tac.
467 3309 546 3354 ann.
570 3289 630 3369 IV,
656 3288 720 3376 20),
745 3309 854 3374 noque
878 3287 937 3352 On.
961 3287 1152 3352 Oomelium
1174 3288 1365 3369 Lentulum,

198 3395 308 3462 virum
338 3395 554 3481 praeclarum,
593 3396 652 3480 qui
683 3394 807 3460 Tiberii
837 3393 966 3458 amicus
1000 3394 1184 3479 appellatur
1210 3414 1231 3458 a
1253 3395 1368 3460 Tacito

197 3500 257 3581 IV,
271 3504 325 3581 29,
349 3523 460 3587 neque
483 3501 574 3568 alios.
613 3503 648 3568 L.
670 3508 782 3567 autem
805 3501 895 3565 Noni
909 3498 1104 3585 Asprenatis
1126 3498 1228 3578 laudi,
1253 3521 1367 3586 quam·

198 3628 302 3693 quam
323 3595 439 3673 isfuit
462 3607 593 3674 Tiberio
616 3629 686 3674 non
707 3607 836 3676 invisus
866 3605 954 3693 (Tac.
978 3625 1057 3670 ann.
1083 3605 1108 3684 I,
1133 3606 1192 3684 533
1217 3605 1275 3685 III,
1304 3603 1365 3694 18),

197 3719 312 3780 tamen
340 3713 502 3780 obtrectat
532 3714 584 3801 (of.
608 3737 641 3801 p.
665 3713 730 3801 59).

287 3819 353 3887 Sed
363 3819 405 3886 de
415 3820 473 3886 illa
482 3841 615 3906 quoquo
623 3821 794 3901 sententia,
808 3839 911 3905 quam
922 3817 998 3884 tulit
1005 3815 1186 3896 Abraham,
1198 3814 1365 3884 decedam.

198 3928 310 4014 Atque
332 3928 368 3992 in
391 3926 501 3994 medio
523 3928 781 4014 relinquendum
809 3947 879 3993 esse
907 3930 997 4012 puto,
1031 3930 1146 3989 utrum
1160 3922 1308 3991 Velleius
1331 3925 1378 3989 in.

198 4026 334 4100 historia
346 4055 408 4102 sua
421 4035 652 4121 componenda
666 4035 783 4104 faverit
803 4039 891 4100 certo
907 4030 1042 4098 cuidam
1065 4030 1157 4118 gregi
1180 4029 1366 4111 hominum,

198 4159 312 4205 necne.
335 4141 412 4207 Non
428 4141 518 4206 enim
533 4161 653 4221 rerum,
670 4163 764 4228 quas,
781 4140 904 4227 quibus
920 4137 1073 4204 homines
1090 4135 1289 4222 depingeret,
1303 4157 1367 4202 me·

198 4245 322 4313 moriae
344 4249 496 4333 prodidit,
530 4248 694 4314 delectum
727 4248 812 4314 bene
834 4245 987 4326 instituit,
1020 4242 1078 4310 sed
1110 4240 1368 4327 nonnumquam

1249 4365 1262 4407 5
