3266 4918
720 241 941 303 .-34„.

351 433 410 513 IV,
446 436 487 500 67
526 453 633 518 usque
666 432 709 498 ad
748 453 877 498 annum
910 434 952 498 26
990 435 1181 498 «intentam»
1213 453 1290 496 eum
1314 431 1416 496 fuisse

355 543 515 623 «publicas
543 541 586 604 ad
605 561 731 620 caras»,
755 544 869 604 temen
885 538 998 605 scribit
1012 537 1108 602 haec:
1137 539 1210 602 «sed
1225 539 1416 603 Marcellam

352 648 580 712 insimulabant
611 648 758 711 sinistros
788 647 827 710 de
853 645 977 710 Tiberio
1000 665 1156 709 sermones
1178 644 1332 722 babuisse,
1366 646 1416 708 in-

353 754 494 818 evitabile
528 754 659 830 orimen,
694 773 764 816 eam
799 772 837 816 en
869 752 1008 816 moribas
1037 751 1200 831 principis
1232 751 1416 831 foedissima

352 880 491 942 quaeqae
521 859 667 940 deliberet
696 863 860 923 aooasator
888 858 1110 937 obiectaretque
1142 876 1209 935 reo‚·
1242 877 1318 920 nam
1340 858 1416 938 qaia

352 987 427 1030 oera
449 971 549 1041 erant,
574 965 668 1028 etiam
691 964 777 1028 diota
800 963 1037 1028 credebantur».

245 1072 271 1151 I,
297 1072 340 1136 73
362 1069 435 1134 lites
457 1067 567 1134 reddit
588 1067 727 1134 Falanio
751 1089 789 1134 ec
812 1067 949 1148 Rubri0,
979 1065 1147 1152 equitibus
1170 1065 1342 1144 Romanis,
1370 1065 1417 1130 in-

352 1181 471 1254 tentae,
499 1182 562 1253 «nt,
586 1176 699 1257 qnibas
721 1177 834 1253 initiis,
869 1180 989 1256 qnanta
1012 1195 1082 1238 cam
1109 1173 1229 1238 Tiberii
1255 1179 1323 1238 orte
1343 1195 1417 1256 yra-

352 1285 517 1348 oissimmn
540 1283 673 1346 critiam
694 1283 869 1362 irrepserit,
894 1282 968 1346 dein
989 1299 1169 1360 repressam
1191 1280 1242 1356 sit,
1259 1285 1417 1360 postremo

353 1390 471 1454 arserit
504 1394 674 1468 canotaqab
698 1388 898 1467 cmrmaerit
921 1392 1106 1462 nosoatar»;
1140 1404 1202 1448 nec
1224 1404 1301 1450 vero
1325 1383 1417 1468 quid-

354 1513 457 1578 quam
480 1491 580 1557 refert
601 1491 666 1556 nisi
689 1490 780 1576 quod
802 1489 896 1555 leudi
918 1497 968 1555 est
990 1489 1130 1556 Tiberio.

247 1600 274 1680 I,
300 1602 344 1664 74
367 1597 539 1665 saevitiam
562 1597 711 1682 increpat
726 1595 850 1662 Tiberii
865 1596 988 1662 oblitus
1004 1616 1099 1661 reum
1114 1595 1221 1660 laesae
1237 1595 1418 1662 maiestatis

354 1702 547 1771 absolutum
569 1703 830 1789 repetundarum
854 1723 926 1769 esse
949 1702 1149 1769 convictum.

246 1812 272 1892 1,
298 1812 341 1877 75
372 1809 507 1875 Tacitus
530 1807 709 1873 concedere
733 1813 866 1874 coactus
888 1808 926 1873 in
948 1807 1062 1873 litibus
1084 1805 1273 1872 iudicandis
1299 1809 1419 1874 «matta

357 1917 481 1982 Tiberio
505 1936 610 1981 eoram
633 1915 785 1980 adversas
809 1917 960 1980 ambitam
977 1921 1005 1980 et
1021 1915 1198 1996 potentiam
1215 1935 1327 1994 preces
1350 1937 1419 1980 oan-

352 2024 482 2087 stitata»
510 2039 591 2098 esse,
615 2019 716 2085 verba
748 2017 845 2083 affert
876 2018 1056 2084 malitiose:
1093 2021 1166 2084 «sed
1193 2021 1270 2085 dam
1293 2023 1420 2086 ceritati

355 2128 539 2204 oonsniitar,
562 2126 690 2191 libertas
714 2127 1007 2206 oorrampebatar».

246 2234 272 2313 Ι,
299 2234 340 2298 75
372 2232 561 2310 Tiberium,
604 2251 810 2315 quamquam
855 2231 1049 2314 «erooaadae
1074 2251 1137 2311 ner
1168 2232 1296 2298 bonosio
1323 2252 1420 2312 poca·

354 2342 429 2404 niae
461 2339 655 2419 capientem»
690 2335 852 2423 appellat,
888 2342 1001 2400 tamen
1045 2334 1256 2421 reprehendit
1295 2336 1331 2400 in
1372 2357 1419 2416 ec,

356 2442 447 2528 qnod
475 2447 667 2508 senatorum
690 2462 858 2526 quemque
880 2441 1081 2506 dissolutum
1104 2461 1143 2506 ac
1165 2440 1341 2526 prodigum
1366 2441 1420 2507 ed·

356 2549 470 2615 iuvare
504 2547 660 2626 noluerim
691 2548 731 2612 ci.
757 2548 821 2613 Dio
844 2548 896 2627 57,
923 2549 978 2612 10:
1019 2558 1095 2612 «τῶν
1120 2548 1153 2609 δὲ
1177 2549 1345 2630 βουλευτῶν
1368 2571 1422 2612 συ-

357 2657 450 2740 χνοὺς
473 2658 655 2739 πενομένους
678 2657 731 2719 καὶ
755 2661 864 2741 μηκέτι
887 2654 965 2739 μηδὲ
990 2655 1142 2736 βυυλεὺειν
1172 2653 1222 2718 διὰ
1245 2650 1323 2718 τοῦτ’
1347 2653 1421 2718 ἑθέ-

356 2761 466 2832 λοντας
491 2759 673 2825 ἐπλοὺτιοεν.
703 2755 738 2825 ab
762 2765 861 2845 μέντοι
886 2763 940 2822 nai
964 2758 1097 2844 ἀκρίτως
1113 2755 1187 2822 αὐτὸ
1210 2757 1315 2835 ἐποίει,
1340 2759 1422 2824 ἀλλὰ

356 2869 410 2928 καὶ
434 2866 578 2952 διέγραφε
601 2868 671 2938 τοὺς
692 2870 745 2952 μὲν
769 2889 799 2931 n.
823 2891 848 2931 τ.
874 2867 922 2932 λ.»

248 2971 274 3050 Ι,
299 2972 345 3036 80
371 2970 542 3035 Tiberium
580 2974 678 3036 «etita
700 2973 820 3037 odisse»
856 2971 970 3036 scribit
1001 2978 1034 3035 et
1061 2993 1100 3036 «a
1116 2973 1267 3052 pessimis
1289 2973 1422 3037 dodeons

350 3077 534 3163 publicam»
571 3076 744 3152 metuisse;
784 3077 890 3142 nihilo
921 3077 1035 3142 minus
1067 3076 1127 3156 IV,
1164 3078 1207 3142 20
1239 3075 1282 3140 ad
1315 3077 1422 3141 fetum

356 3181 467 3267 potius
491 3202 594 3267 quam
617 3181 661 3246 ed
677 3182 799 3247 Tiberii
821 3203 930 3247 mores
946 3182 1045 3248 refert
1064 3184 1274 3265 «aeqnabobem
1290 3185 1422 3248 anotmi·

358 3293 451 3353 tatem
467 3295 495 3353 et
516 3291 686 3370 oratiam»,
712 3309 780 3373 que
802 3287 893 3374 apud
922 3287 1091 3353 Tiberium
1128 3287 1262 3374 vigebat
1288 3288 1423 3352 Manius

359 3392 516 3479 Lepidus²
545 3397 614 3458 «vir
634 3397 745 3478 qraois
768 3401 797 3459 et
818 3396 978 3476 sapiens».

250 3499 277 3578 I,
302 3501 345 3564 80
368 3499 466 3565 variis
489 3498 596 3564 allatis
620 3499 739 3578 causis,
768 3520 827 3564 cur
859 3498 1013 3564 Tiberius
1046 3499 1170 3585 legatos
1193 3519 1253 3584 pro
1276 3505 1423 3584 praetore

358 3625 461 3690 quam
485 3604 671 3670 diutissime
697 3605 733 3669 in
756 3605 937 3690 provinciis
971 3625 1106 3670 manere
1137 3605 1275 3683 sivisset,
1309 3625 1423 3671 veram

358 3711 501 3776 reticuit:
538 3709 848 3776 commodissimum
876 3711 965 3776 enim
989 3716 1059 3776 eret
1080 3709 1258 3796 provinciis
1282 3707 1333 3795 (cf.
1359 3709 1423 3774 Sie-

359 3839 432 3884 vers
454 3839 486 3903 p.
512 3815 575 3903 28).

252 3923 295 4003 II,
321 3925 365 3989 30
397 3923 567 3989 Tiberium
595 3924 763 3990 «callidam
787 3930 815 3988 et
844 3923 918 3989 nooi
939 3924 1023 3986 iaris
1045 3929 1252 4002 repertorem
1271 3919 1423 4006 appellet,

360 4050 439 4095 cum
461 4029 504 4095 eb
528 4035 636 4094 actore
658 4028 793 4115 publico
813 4049 923 4094 servos
938 4027 1123 4113 mancipari
1137 4026 1287 4106 iusserit,'
1302 4025 1424 4112 quibus

360 4135 502 4200 testibus
513 4135 708 4199 utereturin
724 4133 886 4199 dominos.
911 4132 1010 4209 Quod
1021 4154 1137 4200 verum
1149 4154 1219 4198 non
1235 4138 1291 4198 est.
1316 4133 1425 4197 Immo

362 4242 555 4325 Augustum
567 4240 602 4305 id
612 4241 727 4306 fecisse
739 4243 859 4307 enn08
876 4261 905 4306 a.
921 4240 997 4306 Chr.
1015 4263 1048 4306 n.
1065 4246 1181 4306 auctor
1192 4245 1241 4305 est
1252 4239 1315 4304 Dio
1329 4238 1381 4318 55,
1394 4238 1424 4302 5.
