3266 4918
667 255 891 318 ..27-

189 448 352 534 regnandi
374 447 541 530 aviditate,
575 448 772 529 examinem,
805 455 882 534 post
903 449 1030 516 fidesne
1052 450 1180 518 Velleio
1203 451 1366 517 habenda

191 554 242 636 sit,
267 575 434 640 quaeram.

279 661 396 745 Neque
426 681 513 745 quae
543 659 730 725 afferuntur
759 681 780 726 a
803 661 962 726 Suetonio
986 683 1114 743 causae,
1139 663 1271 750 probari
1293 685 1367 749 pos·

190 773 278 832 sunt.
310 766 387 831 Non
410 766 500 831 enim
523 766 594 832 ficri
616 767 734 852 potuit,
759 772 798 833 ut
817 767 970 833 Tiberius
994 768 1200 835 Clementem
1224 770 1363 848 timeret,

190 873 314 959 quippe
344 894 422 938 cum
455 893 565 958 neque
595 873 746 959 Agrippa
766 873 959 940 interfectus
992 881 1085 954 esset,
1121 896 1188 961 quo
1218 883 1373 961 tempore.

88 988 93 996 ’
190 980 341 1045 Tiberius
375 982 577 1045 «stationem»
603 978 749 1064 Augusti
777 980 962 1060 recusabat,
991 1001 1100 1066 neque
1131 982 1293 1061 OlemenS,
1327 988 1367 1047 ut

190 1091 331 1150 mortem
355 1083 425 1149 eius
441 1083 662 1163 ulcisceretur,
680 1104 821 1149 manum
844 1105 1035 1170 comparare
1057 1091 1181 1171 posset3
1206 1087 1248 1151 oi.
1273 1087 1363 1153 Suet.

190 1191 263 1256 Tib.
290 1192 347 1269 22;
386 1190 448 1254 Dio
480 1191 532 1269 57,
565 1190 600 1269 3;
635 1189 712 1256 Tac.
745 1210 823 1254 ann.
855 1191 942 1270 1,6;
986 1191 1028 1270 II,
1055 1194 1097 1257 39
1120 1213 1168 1276 sq.
1216 1193 1375 1258 Drusum

190 1303 303 1362 autem
325 1296 487 1362 Libonem
504 1294 657 1361 Tiberius
680 1315 750 1360 non
773 1297 900 1376 metuit,
925 1297 1087 1382 quoniam
1110 1296 1242 1363 duobus
1266 1296 1365 1363 annis

190 1409 266 1488 post
287 1425 366 1469 eum
388 1424 440 1468 res
463 1423 568 1470 novas
591 1401 701 1467 moliri
724 1401 872 1467 delatum
896 1409 958 1483 est;
984 1403 1024 1468 ef.
1049 1403 1125 1468 Tac.
1144 1425 1222 1468 ann.
1246 1403 1289 1482 H,
1311 1404 1364 1467 27.

190 1508 238 1575 Ut
267 1509 304 1574 in
329 1509 499 1574 Clemente
528 1514 561 1572 et
590 1507 718 1573 Libone
744 1508 1044 1574 commemorandis
1074 1507 1253 1573 Suetonius
1284 1512 1367 1572 tem·

190 1636 271 1701 pora
294 1614 454 1694 confudit,
478 1615 525 1679 ita
546 1615 581 1678 in
598 1613 759 1678 seditione
774 1613 920 1678 militurn
944 1612 1124 1691 narranda;
1148 1634 1230 1679 nam
1244 1613 1366 1678 milites

190 1720 319 1786 incitati
341 1726 420 1786 sunt
439 1726 620 1806 postquam
639 1720 791 1785 Tiberius
815 1722 1017 1786 «stationem»
1037 1720 1182 1804 Augusti
1205 1719 1363 1804 suscepit;

191 1846 301 1910 neque
334 1825 455 1892 milites
488 1831 604 1890 contra
637 1825 808 1891 Tiberium
841 1826 1108 1904 coniuraverunt,
1144 1825 1203 1890 sed
1232 1829 1366 1910 propter

191 1953 285 2018 spem
307 1931 545 2018 praemiorum;
571 1931 610 1996 cf.
635 1931 713 1996 Tac.
737 1953 815 1997 ann.
840 1932 867 2010 Ι,
894 1933 948 1997 16;
989 1932 1211 1996 «Pannonicos
1233 1932 1367 2014 legiones

191 2040 303 2104 seditio
333 2039 460 2104 lacessit
482 2039 580 2104 nullis
602 2040 692 2104 nocis
725 2038 831 2104 coasts
857 2039 923 2102 nisi
950 2038 1033 2120 qaod
1055 2044 1197 2102 mutatus
1213 2039 1367 2118 princeps

192 2147 351 2211 licentiam
383 2145 551 2210 turbarem
583 2151 611 2210 et
640 2165 678 2209 ex
707 2145 793 2208 nerii
820 2145 895 2208 bello
918 2165 1004 2224 spem
1021 2146 1243 2224 proemiorum
1267 2151 1365 2209 osten

193 2253 302 2316 debet»
329 2255 362 2314 et
382 2250 409 2328 1,
427 2252 484 2315 31:
513 2251 631 2315 «isdem
652 2251 753 2332 ferme
775 2251 893 2328 diabalo,
917 2251 1017 2315 isdem
1041 2253 1147 2315 causis
1173 2250 1367 2315 Germaniae
1478 2281 1482 2285 ›

192 2357 324 2440 legiones
347 2357 523 2422 turbatae».
571 2354 761 2419 Germanici
792 2354 937 2439 denique
968 2359 1078 2420 metus
1101 2354 1232 2419 Tiberio
1265 2374 1367 2419 causa

194 2482 263 2526 non
286 2461 350 2527 fuit
369 2461 561 2542 cunctandi,
584 2461 686 2547 quod,
710 2482 753 2527 nc
768 2461 993 2548 principatum
1016 2461 1071 2526 ille
1094 2465 1271 2547 appeteret,
1296 2480 1366 2524 non

193 2567 340 2633 timebat.
389 2568 523 2634 Etenim
547 2567 766 2633 Germanicus
789 2587 809 2632 a
832 2567 963 2633 Tiberio
995 2568 1153 2634 «imbutas
1176 2567 1367 2632 rudimentis

194 2676 345 2740 militiae»
381 2674 546 2760 stipendia
577 2673 641 2740 sub
672 2694 711 2739 eo
734 2674 856 2738 meruit
878 2673 976 2738 annis
1002 2675 1108 2737 7—11
1133 2669 1186 2758 (cf.
1211 2670 1297 2736 Vell.
1321 2671 1364 2748 II,

197 2781 270 2859 129,
302 2782 336 2860 2;
372 2781 435 2845 Dio
462 2782 516 2860 55,
546 2783 604 2859 31;
640 2801 708 2866 quo
740 2779 812 2846 loco
842 2780 986 2845 Dionem
1018 2778 1151 2844 Tiberio
1186 2770 1369 2843 obtrectare

195 2885 411 2951 manifestum
434 2892 499 2966 est;
525 2907 595 2951 non
618 2887 709 2951 enim
731 2886 907 2970 Augustus
929 2886 973 2951 ab
992 2906 1030 2951 eo
1046 2884 1172 2950 bellum
1196 2883 1283 2948 trahi
1302 2903 1368 2948 cre·

196 2989 272 3054 dere
304 2991 425 3075 potuit,
469 3012 546 3056 cum
587 2997 703 3076 gentes
741 2991 955 3056 imminentes
989 2989 1104 3056 Italiae
1137 2989 1226 3053 intra
1259 3009 1368 3054 unum

196 3116 326 3160 annum
358 3095 487 3161 domari
520 3117 589 3161 non
620 3084 717 3182 posse
750 3102 837 3162 certe
869 3117 938 3161 non
964 3092 1151 3182 ignoraret).
1199 3093 1274 3172 Quo
1297 3092 1367 3158 fieri

196 3201 314 3286 potuit,
339 3207 378 3266 ut
400 3201 553 3266 Tiberius
575 3202 749 3287 ingenium
773 3209 806 3268 ct
828 3223 936 3267 mores
961 3201 1149 3267 Germanici
1173 3201 1273 3286 plane
1296 3220 1368 3284 cog·

196 3313 353 3373 nosceret.
401 3306 476 3387 Qui,
514 3328 721 3393 quamquam
745 3307 975 3394 Agrippinam,
1011 3308 1171 3373 feminam
1207 3304 1370 3392 regnandi

197 3412 424 3479 avidissimam
447 3410 500 3499 (cf.
525 3412 601 3478 Tac.
627 3434 705 3478 ann.
729 3415 756 3494 Ι,
781 3416 837 3493 33;
861 3414 905 3490 ΙΙ,
931 3416 987 3492 723
1011 3413 1071 3494 IV,
1091 3415 1147 3492 12;
1173 3413 1236 3478 Dio
1252 3415 1305 3492 57,
1330 3414 1350 3477 6
1359 3433 1368 3490 ;

198 3517 287 3582 Suet.
311 3517 384 3584 Tib.
402 3518 467 3605 53),
490 3519 528 3584 in
543 3520 755 3585 matrimonio
771 3518 926 3600 habebat,
950 3526 1065 3585 tamen
1080 3519 1257 3604 imperium
1274 3539 1370 3583 num·

197 3642 301 3707 quam
324 3624 509 3709 appetebat.
557 3623 656 3701 Quod
689 3625 737 3690 ita
768 3646 805 3691 se
836 3624 960 3691 habere
993 3646 1035 3690 ex
1058 3625 1187 3710 scriptis
1210 3623 1370 3704 Suetonii,

197 3728 313 3808 Taciti,
338 3728 455 3793 Dionis
479 3730 558 3794 satis
580 3735 689 3816 potest
711 3731 866 3816 intellegi.
914 3731 1069 3816 Namque
1092 3730 1271 3796 Suetonius
1295 3729 1367 3795 Tib.

198 3836 241 3900 25
281 3833 519 3900 Germanicum
554 3834 716 3901 militibus
750 3835 794 3901 ed
828 3834 1065 3921 capessendam
1099 3857 1168 3901 rem
1199 3834 1370 3922 publicam

199 3940 396 4027 urgentibus
423 3941 622 4022 ‹obfirmate›
647 3941 804 4007 restitisse
826 3941 948 4007 scribit.
995 3942 1059 4007 Dio
1094 3947 1208 4007 autem
1243 3943 1296 4021 57,
1328 3943 1370 4006 18

198 4052 312 4111 narrat
342 4045 440 4111 haec:
479 4043 566 4110 «etse
596 4050 673 4131 πρὸς
701 4051 751 4111 τὸν
778 4045 912 4131 Δροῦσον
941 4046 1106 4134 ἐπίφθονον
1130 4045 1198 4113 οὔτε
1221 4051 1298 4133 πρὸς
1321 4050 1370 4111 τὸν

199 4149 336 4237 Τιβέριον
360 4151 492 4216 ἐπαίτιον
508 4153 672 4236 ἔπραττεν»
695 4203 701 4217 ,
724 4202 756 4216 ,.
785 4153 948 4238 «δυνηθεὶς
967 4164 1037 4234 γοῦν
1052 4156 1204 4226 πολλάκις
1221 4156 1274 4217 καὶ
1296 4149 1370 4236 παρ’

199 4253 338 4333 ἑκόντων,
351 4256 409 4344 οὐχ
425 4255 543 4323 ὅτιτῶν
563 4269 761 4342 στρατιωτῶν,
779 4258 861 4323 ἀλλὰ
876 4263 930 4324 καὶ
945 4269 997 4324 τοῦ
1014 4261 1113 4348 δήμου
1128 4271 1184 4347 τῆς
1195 4284 1226 4324 τε
1244 4261 1371 4346 βουλῆς,
