3266 4918
709 231 932 294 -60—

232 426 318 492 nihil
350 425 391 490 de
423 445 462 490 θα
493 445 528 490 re
551 424 594 490 sit
616 423 786 490 traditum.
834 424 961 491 Eadem
985 423 1027 490 de
1050 443 1152 490 causa
1175 441 1284 507 neque
1307 421 1343 486 in
1367 442 1406 486 θα

233 536 344 619 potest
365 530 499 616 inquiri,
525 550 611 615 quae
634 530 675 596 de
697 529 734 595 L.
760 529 944 596 Caedicio
967 529 1116 596 Velleius
1141 530 1215 607 120,
1240 527 1270 607 4,
1295 547 1405 612 neque

232 638 269 702 in
292 657 439 723 eaquae
478 635 520 702 de
543 635 663 702 Caldo
687 635 821 703 Caelio
846 638 919 716 120,
947 638 967 701 6
993 636 1124 722 magnis
1147 655 1225 700 cum
1247 632 1405 700 laudibus

232 749 353 810 uarat.
402 742 651 809 Confirmantur
681 763 758 809 vero
792 742 950 810 aTacitc
979 741 1089 821 verba,
1122 740 1245 827 quibus
1269 740 1406 826 scriptor

231 849 376 916 celebrat
413 850 534 932 1255
569 848 607 926 Q.
634 849 803 915 Iunium
827 848 1022 914 Blaesum.
1069 847 1137 925 Qui
1160 846 1241 933 quid
1264 846 1302 910 in
1324 844 1405 910 sedi-

231 957 323 1023 tione
353 956 499 1022 militum
530 956 762 1042 componenda
793 955 907 1042 egerit,
943 954 1123 1020 memoriae
1154 951 1324 1038 proditum
1356 955 1405 1016 est

231 1082 311 1127 ann.
344 1062 370 1141 Ι,
399 1064 439 1128 18
456 1083 527 1147 sqq.
561 1059 613 1147 (cf.
644 1061 708 1127 Dio
739 1063 791 1141 57,
816 1058 858 1146 4),
892 1061 974 1148 quid
1005 1060 1043 1126 in
1076 1058 1198 1137 Africa,
1233 1079 1311 1122 ann.
1344 1056 1402 1135 Ill,

233 1169 374 1247 72-74,
409 1189 495 1252 quos
517 1166 659 1254 adeptus
682 1166 726 1232 sit
747 1166 898 1246 honores,
922 1165 1062 1245 ibidem;
1093 1164 1134 1230 cf.
1159 1183 1236 1228 ann.
1261 1163 1320 1242 III,
1347 1163 1402 1227 72:

234 1296 306 1340 «res
328 1275 440 1340 Blaesi
471 1276 585 1358 dipsas
613 1275 720 1340 decora
743 1275 802 1339 tali
822 1274 943 1355 fuere».
988 1272 1106 1358 Neque
1136 1270 1220 1336 false
1249 1268 1404 1337 videntur

231 1399 302 1444 esse
326 1400 374 1458 ea,
397 1399 483 1464 quae
506 1377 654 1446 Velleius
679 1380 751 1456 125,
777 1380 798 1443 5
821 1378 999 1444 memoriae
1021 1376 1168 1464 prodidit
1190 1375 1232 1441 de
1253 1375 1291 1440 P.
1316 1374 1403 1439 Cor·

230 1484 335 1550 nelio
368 1483 584 1550 Dolabella.
641 1483 751 1560 Quem
789 1485 937 1570 legatum
979 1488 1188 1570 propraetore
1217 1480 1402 1546 Dalmatiae

229 1610 320 1655 anno
346 1592 388 1654 14
409 1611 441 1676 p.
469 1589 544 1654 Chr.
569 1611 602 1654 n.
628 1589 730 1654 fuisse
752 1594 895 1670 constat;
929 1589 970 1655 cf.
1007 1589 1107 1676 Nipp.
1139 1587 1217 1653 adn.
1251 1587 1295 1652 ad
1325 1587 1400 1652 Tac.

230 1714 310 1759 ann.
334 1694 393 1774 ΙΠ,
418 1696 472 1760 47.
520 1695 656 1760 Fortem
685 1700 799 1760 autem
831 1695 951 1761 ducem
983 1716 1061 1761 eum
1090 1715 1125 1760 se
1147 1694 1347 1780 praestitisse
1370 1698 1403 1758 et

230 1800 339 1866 virum
379 1802 611 1881 «simplicitatis
631 1803 908 1884 qenaosissiiaam
943 1801 1035 1867 testis
1068 1807 1118 1866 est
1144 1801 1244 1867 etiam
1268 1799 1402 1865 Tacitus

229 1925 308 1972 ann.
350 1906 410 1986 IV,
447 1909 591 1973 22-26
624 1913 657 1972 et
685 1907 745 1986 III,
779 1909 831 1973 69.
888 1907 955 1984 oui
990 1907 1126 1992 iniquus
1165 1907 1195 1973 ei
1234 1907 1403 1974 invenitur

228 2033 308 2078 cum
339 2033 417 2076 ann.
449 2013 508 2092 III,
543 2015 597 2078 47.
621 2016 679 2090 69;
717 2011 776 2091 IV,
815 2014 856 2078 23
889 2011 1097 2079 adulatorem
1126 2013 1271 2099 appellat
1313 2033 1400 2090 eum,

229 2138 331 2204 quem
356 2138 424 2183 non
453 2117 553 2183 modo
586 2139 654 2183 non
678 2139 793 2184 carum
816 2117 947 2184 Tiberio
970 2119 1073 2185 fuisse
1096 2118 1195 2200 dicas,
1220 2119 1401 2185 sedetiam

228 2224 387 2303 invisum,
421 2224 450 2288 si
480 2245 532 2290 res
558 2224 739 2310 respexeris
771 2244 792 2288 a
823 2224 938 2289 Tacito
970 2245 1048 2290 ann.
1079 2225 1139 2305 ΙΠ,
1163 2228 1216 2291 47.
1249 2228 1305 2304 69;
1341 2225 1399 2305 IV,

230 2330 273 2394 26
296 2328 424 2395 relatas.

318 2435 419 2500 Porro
459 2456 537 2500 cum
575 2434 839 2522 Pomponium
877 2436 1063 2502 Flaccum
1109 2437 1313 2522 permultum
1358 2436 1401 2502 ad

228 2542 468 2629 Rhascupolim
503 2544 761 2629 opprimendum
788 2545 933 2612 valuisse
959 2545 1109 2612 Velleius
1133 2543 1247 2611 scribit
1271 2545 1343 2623 129,
1371 2546 1398 2623 1,

228 2650 394 2714 consentit
417 2671 494 2714 cum
517 2651 646 2730 Tacit03
672 2652 712 2717 cf.
737 2671 815 2716 ann.
840 2652 882 2731 II,
907 2654 1049 2718 66-67.
1097 2653 1173 2730 Quo
1195 2653 1267 2717 iure
1288 2648 1399 2715 lauda·

229 2755 313 2821 verit
344 2755 415 2821 eius
444 2777 561 2836 mores,
597 2778 667 2822 non
695 2763 804 2844 potest
826 2758 1020 2838 examinari,
1053 2758 1133 2844 quia
1156 2757 1241 2823 alius
1264 2756 1401 2842 scriptor

230 2861 272 2926 de
294 2861 334 2926 iis
357 2883 419 2928 nos
442 2884 513 2928 non
536 2861 676 2929 edocuit.
724 2864 819 2930 Certe
842 2885 928 2949 quae
950 2864 1129 2930 Suetonius
1153 2864 1194 2929 de
1217 2862 1400 2948 Pomponio

230 2968 409 3034 memoriae
440 2969 586 3056 prodidit
616 2969 690 3035 Tib.
715 2972 768 3049 42,
804 2990 874 3036 non
903 2971 1045 3050 obstant,
1079 2991 1122 3035 ne
1149 2969 1251 3035 fidem
1274 2967 1400 3034 Velleio

228 3073 431 3154 tribuamus;
456 3075 498 3140 cf.
521 3097 553 3161 p.
578 3077 632 3141 43.

318 3180 484 3267 Deinceps
507 3180 655 3248 Velleius
681 3182 792 3262 130,3
815 3181 990 3246 Drusum
1012 3181 1205 3246 Libonem
1232 3181 1401 3246 «sederam

229 3288 362 3352 candia
391 3289 519 3354 iniisse»
551 3285 660 3351 tradit.
708 3285 807 3363 Quod
835 3286 882 3351 ita
905 3307 940 3352 se
962 3286 1121 3352 habuisse
1143 3292 1176 3352 et
1199 3285 1307 3353 verbis
1329 3306 1400 3372 pro·

229 3391 337 3470 batur,
370 3413 457 3479 quae
488 3392 568 3458 facit
598 3391 777 3459 Suetonius
801 3393 877 3458 Tib.
903 3394 956 3472 25,
981 3398 1014 3458 et
1035 3392 1144 3472 rebus,
1170 3412 1254 3479 quas
1288 3402 1401 3458 namet

228 3496 364 3562 Tacitus
379 3498 421 3576 II,
447 3499 490 3564 30
500 3518 589 3585 sqq.;
613 3498 749 3583 iniquae
764 3504 878 3564 autem
895 3505 975 3564 sunt
990 3498 1226 3585 descriptiones
1247 3504 1279 3564 et
1295 3497 1401 3563 Taciti

227 3601 271 3682 Π,
297 3606 426 3669 27-31
464 3609 497 3669 et
525 3603 643 3669 Dionis
666 3605 719 3683 57,
746 3606 796 3670 15.

318 3711 430 3795 Atque
463 3715 502 3776 ut
525 3709 678 3774 omittam
706 3729 753 3789 ea,
783 3730 869 3795 quae
892 3709 933 3775 de
957 3709 992 3774 0.
1017 3708 1115 3774 Silio
1138 3715 1171 3774 et
1193 3709 1235 3775 de
1256 3709 1401 3774 Pisone

228 3812 376 3882 Velleius
399 3815 577 3880 memoriae
599 3813 746 3900 prodidit
772 3817 844 3893 130,
863 3817 893 3895 3,
918 3816 997 3900 quia
1020 3822 1175 3901 corrupta
1197 3822 1277 3880 sunt
1299 3815 1401 3883 verba

228 3920 395 4006 scriptoris
414 3920 537 4005 quibus
554 3941 668 3986 eorum
685 3919 762 3986 feeit
781 3920 994 3999 mentionem,
1019 3921 1088 3986 iam
1100 3919 1144 3986 ad
1161 3940 1199 3985 ea
1217 3920 1398 4006 aggrediar,

227 4032 418 4111 quaesunt
442 4027 615 4092 127-128
639 4027 681 4092 de
703 4027 740 4092 L.
765 4026 877 4093 Aelio
901 4025 1052 4091 Seiano.
1085 4025 1179 4102 Quae
1202 4026 1337 4111 quidem
1353 4027 1400 4090 ita

227 4133 386 4213 mactabo,
410 4138 449 4198 ut
471 4131 627 4218 neglectis
650 4133 700 4213 iis,
724 4152 810 4220 quae
834 4132 875 4197 de
897 4131 1008 4197 Seiani
1031 4137 1129 4216 gente
1152 4133 1290 4217 scriptor
1312 4131 1397 4210 fecit,

227 4239 336 4306 verbis
360 4237 446 4325 (127,
464 4235 496 4326 3)
514 4239 671 4326 primum,
696 4257 783 4324 quae
806 4237 847 4302 de
869 4236 977 4302 forma
993 4237 1137 4323 corporis
1153 4243 1186 4301 et
1200 4236 1242 4302 de
1264 4237 1398 4323 ingenio
