3266 4918
744 176 967 240 ..38...

377 374 565 453 quaesunt
589 368 680 454 apud
702 369 857 434 Tacitum
880 368 922 448 ΙΙ,
949 369 992 434 30
1016 373 1055 433 55
1077 368 1137 448 ΙΠ,
1162 369 1221 446 67;
1252 367 1439 453 exquibus

378 473 547 539 Tiberium
572 495 682 540 servos
705 475 807 540 actori
829 473 963 560 publico
986 474 1170 559 mancipari
1192 473 1327 540 iussisse
1347 473 1439 538 intel·

376 579 505 664 legitur,
531 585 569 643 ut
592 601 632 644 ex
655 580 695 645 iis
717 581 754 645 in
779 579 932 646 dominos
956 581 1071 665 quaeri
1093 586 1213 667 posset.

270 686 325 764 57,
350 686 391 750 22
421 686 533 750 statim
561 685 732 751 Tiberium
756 685 957 772 supplicium
978 687 1159 770 sumpsisse
1174 685 1275 753 tradit
1296 684 1337 749 de
1359 705 1439 750 non-

377 791 478 856 nullis
502 813 626 872 eorum,
659 792 717 878 qui
740 793 888 858 Drusum
913 791 1021 858 filium
1044 793 1293 857 interfecissent.
1342 788 1440 868 Quod

377 896 540 976 abhorret,
551 903 642 982 put0,
656 897 839 976 averitate;
853 918 934 962 nam
945 899 1004 983 qui
1019 898 1168 963 Drusum
1184 903 1367 972 necassent,
1385 917 1440 962 eos

377 1002 540 1068 iudicatos
564 1024 635 1068 esse
658 1009 732 1068 octo
756 1006 854 1069 annis
877 1010 953 1091 post
975 1005 1047 1091 ipse
1062 1010 1178 1070 auctor
1201 1011 1250 1068 est
1273 1005 1325 1079 58,
1352 1005 1391 1067 11
1408 1007 1441 1068 et

376 1108 511 1174 Tacitus
534 1129 612 1174 ann.
638 1108 697 1189 IV,
722 1113 751 1176 8.

174 1257 176 1262 -
270 1214 509 1280 Infestissimus
542 1214 673 1280 Tiberio
705 1215 873 1282 invenitur
903 1217 966 1281 Dio
990 1218 1031 1282 57
1036 1269 1042 1295 ,
1069 1218 1121 1282 20.
1169 1215 1244 1292 Quo
1266 1215 1339 1280 loco
1362 1235 1440 1278 eum

377 1326 512 1385 senatus
536 1321 687 1400 consulti,
720 1327 759 1386 ut
781 1321 822 1387 de
845 1322 894 1402 iis,
919 1323 978 1407 qui
1008 1323 1124 1408 capitis
1148 1321 1298 1386 damnati
1321 1326 1438 1398 essent,

377 1425 492 1491 decem
516 1425 633 1493 diebus
656 1433 732 1513 post
747 1427 999 1494 damnationem
1021 1428 1222 1514 supplicium
1245 1433 1438 1501 sumeretur,

377 1537 545 1603 auctorem
576 1533 678 1598 fuisse
705 1533 820 1599 scribit
852 1531 930 1620 «οὐχ
954 1531 1000 1598 ‘o'u
1023 1533 1140 1606 ἐκεῖνος
1173 1533 1345 1619 ἐκολάσθη,
1370 1528 1439 1595 ἀλλ’

377 1635 422 1702 ὅτι
449 1661 493 1710 τις
521 1636 578 1704 ὑπὸ
602 1650 659 1704 τῶν
683 1642 850 1723 βουλευτῶν
874 1639 946 1706 ἄνευ
969 1651 1023 1728 τῆς
1047 1639 1155 1704 ἑαυτοῦ
1179 1647 1301 1724 γνώμης
1325 1636 1441 1702 ἐθανα-

376 1747 495 1830 seiteina.

336 1848 470 1934 -Atque
492 1850 575 1916 hoec
597 1851 769 1918 hactenus.
815 1851 901 1918 Satis
924 1852 1137 1937 perspicuum
1161 1855 1210 1915 est
1233 1855 1265 1914 et
1287 1847 1441 1912 Tacitum

270 1960 302 2017 et
317 1954 469 2032 Dionem,
495 1977 573 2020 cum
589 1977 727 2024 saevum
742 1957 916 2043 ingenium
932 1957 1057 2022 Tiberii
1072 1955 1244 2022 ostendere
1260 1953 1440 2031 studerent,

270 2060 299 2124 ei
322 2060 369 2124 ita
390 2060 528 2126 infestos
552 2062 661 2139 fuisse,
694 2068 732 2127 ut
762 2068 794 2127 et
816 2063 900 2129 falsa
923 2063 1101 2128 memoriae
1123 2061 1301 2148 proderent
1324 2067 1357 2124 et
1379 2057 1442 2124 sibi

268 2165 333 2250 ipsi
355 2164 591 2252 discreparent.-

357 2273 426 2338 Neo
459 2259 535 2339 vero
567 2272 668 2339 modo
696 2273 731 2339 in
768 2274 962 2340 crudelitate
985 2274 1109 2340 Tiberii
1136 2271 1335 2340 illustranda
1357 2279 1441 2337 uter·

269 2400 334 2463 que
369 2379 507 2464 scriptor
538 2379 675 2464 iniquus
707 2379 877 2447 invenitur
899 2381 1052 2466 principi,
1077 2379 1135 2446 sed
1158 2379 1260 2448 etiam
1281 2378 1318 2442 in
1341 2375 1440 2461 expli-

269 2484 398 2549 catione
430 2484 571 2549 aliarum
600 2505 712 2550 rerum
735 2486 778 2551 ab
802 2506 840 2550 eo
864 2493 1032 2573 gestarum
1055 2486 1153 2551 annis
1177 2484 1318 2549 23—26.
1366 2480 1440 2557 Quo

268 2589 340 2654 loco
364 2590 514 2654 omittere
545 2611 615 2655 non
643 2612 781 2676 possum
807 2613 887 2671 rem,
913 2612 1008 2677 quae,
1042 2612 1109 2676 qua
1136 2591 1264 2657 ratione
1286 2589 1350 2654 Dic
1372 2609 1439 2655 ver-

270 2701 361 2760 satus
396 2696 439 2761 sit
471 2697 507 2760 in
539 2696 715 2762 narrandis
747 2697 872 2763 Tiberii
900 2697 1000 2762 rebus
1031 2697 1141 2782 gestis,
1177 2696 1262 2760 bene
1288 2694 1437 2760 illustret.

268 2801 412 2881 Etenim,
451 2823 527 2867 cun]
559 2803 694 2868 initium
727 2803 830 2868 sumit
859 2801 1024 2870 scribendi
1047 2805 1100 2881 57,
1127 2804 1221 2881 1-6,
1245 2800 1369 2866 Tiberii
1390 2799 1439 2864 in·

267 2908 404 2994 genium
428 2929 602 2993 moresque
618 2908 767 2996 depingit
783 2909 948 2975 coloribus
970 2909 1181 2986 tristissimis;
1206 2907 1311 2973 nihilo
1327 2907 1440 2971 minus

269 3035 346 3078 eum
377 3014 560 3101 principem
595 3015 758 3101 optimum
791 3015 893 3082 fuisse
925 3021 1038 3080 narrat
1069 3017 1122 3093 57,
1157 3014 1275 3079 7-12,
1328 3011 1439 3089 Quam

269 3119 524 3206 discrepantiam
557 3126 597 3186 ut
627 3120 729 3202 tollat,
763 3122 935 3188 Tiberium
966 3142 1035 3186 rem
1067 3120 1237 3206 publicam
1270 3119 1355 3185 bene
1384 3116 1438 3184 ad·

268 3227 507 3292 ministravisse
538 3226 652 3292 scribit
683 3229 740 3307 57,
777 3230 826 3293 13.
863 3231 904 3294 19
944 3233 1149 3292 metuentem
1189 3225 1436 3290 Germanicum.

267 3330 384 3417 Neque
403 3339 517 3398 tamen
532 3332 703 3398 Tiberium
727 3355 786 3399 sex
807 3355 866 3420 per
879 3353 986 3400 annos
1001 3333 1129 3398 bonum
1146 3332 1247 3396 fuisse
1263 3330 1438 3397 verisimile

268 3443 318 3504 est
340 3445 519 3525 propterea,
545 3440 637 3525 quod
661 3440 833 3506 aemulum
856 3441 1000 3518 timeret;
1031 3459 1070 3504 ac
1093 3459 1135 3502 ne
1158 3437 1278 3504 invidit
1301 3435 1438 3521 quidem

269 3543 468 3610 Germanico
491 3567 600 3631 neque
623 3567 700 3610 eum
724 3547 850 3623 timuit;
875 3567 937 3610 nec
960 3550 1091 3610 mortuo
1108 3543 1305 3609 Germanico
1329 3563 1436 3608 mores

268 3649 390 3718 Tiberii
413 3659 493 3717 sunt
515 3652 694 3718 immutati.
737 3652 895 3717 Extitisse
917 3656 1030 3716 autem
1052 3650 1183 3716 videtur
1207 3649 1435 3735 discrepantia,

267 3777 346 3822 cum
368 3757 497 3822 tristem
511 3756 692 3842 imaginem
715 3757 841 3842 ingenii
856 3756 988 3836 Tiberii,
1013 3777 1116 3842 quam
1132 3757 1291 3842 expressit
1313 3761 1436 3833 auctor,

267 3862 330 3928 Dio
353 3861 511 3942 redderet,
547 3862 662 3929 multis
697 3869 809 3928 autem
833 3862 932 3928 rebus
955 3884 975 3928 a
997 3863 1129 3928 Tiberio
1151 3861 1237 3928 bene
1259 3862 1359 3948 gestis
1382 3860 1436 3925 ad-

267 3969 450 4048 duceretur,
475 3973 513 4033 ut
536 3968 660 4053 optime
682 3968 937 4055 rempublicam
962 3969 1207 4036 5551514-19
1229 3968 1436 4034 administra·

266 4079 336 4138 tam
375 4094 446 4138 esse
483 4072 685 4142 concederet.
744 4074 820 4151 Qua
852 4075 889 4139 15
923 4096 958 4139 re
989 4075 1117 4141 cautius
1151 4074 1242 4139 fonte
1275 4095 1357 4138 usus
1388 4077 1438 4137 est

266 4179 410 4246 Tacitus.
466 4177 533 4255 Qui
571 4199 648 4244 cum
683 4180 799 4246 eodem
834 4179 933 4246 modo
965 4199 1032 4266 quo
1063 4181 1126 4246 Dio
1162 4201 1264 4266 quam
1306 4178 1436 4245 atrocis·
