3266 4918
738 215 959 280 ..i-34..

261 410 338 492 post
368 425 498 470 annum
531 407 573 470 23
605 412 774 474 auctorem
804 409 935 475 Tiberio
971 411 1117 475 extitisse
1149 409 1353 476 demonstret
1387 415 1435 474 rei

261 510 415 596 publicae
447 511 533 576 male
563 511 856 593 administrandae,
881 515 947 580 nisi
978 515 1022 580 ab
1046 536 1084 580 eo
1113 521 1145 580 et
1168 514 1339 580 Tiberium
1365 515 1435 580 red-

263 615 372 682 ditum
395 638 465 683 esse
487 617 691 704 Agrippinae
721 620 858 706 eiusque
886 621 962 686 filiis
991 620 1150 687 infestum
1179 620 1215 707 (I,
1241 618 1295 705 69)
1318 627 1351 686 et
1371 621 1435 686 hos
1468 656 1473 665 ·

261 727 407 801 vexatos,
435 729 475 787 ut
505 724 569 808 ipsi
602 746 636 790 se
665 724 840 810 perderent
862 725 931 813 (IV,
959 729 1010 796 12.
1035 728 1087 792 54.
1111 729 1163 793 60.
1189 724 1252 812 67).
1301 727 1376 804 Qua
1397 727 1433 791 in

260 847 296 893 re
318 848 388 892 non
411 829 519 894 omnis
544 829 625 896 fides
648 832 762 896 Tacito
792 832 988 917 deneganda
1015 832 1146 899 videtur
1173 853 1252 898 esse.
1299 833 1432 897 Etenim

262 933 411 1013 Seianus
436 957 642 1020 quamquam
660 937 877 1024 Agrippinam
893 939 1001 1025 ipsam
1017 939 1149 1004 liberio
1168 939 1431 1005 inimicissimam

261 1039 305 1104 ab
334 1060 372 1105 eo
404 1041 576 1107 incitatam
610 1064 680 1108 esse
714 1044 888 1110 verisimile
918 1066 988 1110 uon
1021 1051 1080 1122 est,
1106 1051 1218 1110 tamen
1248 1045 1334 1110 filios
1362 1042 1433 1109 eius

261 1145 430 1230 impellere
451 1148 560 1232 potuit
583 1148 626 1213 ad
648 1171 709 1228 ree,
735 1149 858 1234 quibus
882 1149 1006 1216 liberii
1029 1150 1236 1216 voluntatem
1259 1171 1280 1216 a
1302 1172 1337 1216 se
1359 1149 1452 1214 alie.

260 1257 388 1315 narent.
436 1251 500 1318 Sed
523 1254 586 1319 hoc
610 1254 687 1320 fecit
708 1255 870 1341 regnandi
893 1255 1074 1341 cupiditate
1097 1255 1263 1322 adductus
1284 1255 1373 1342 (inde
1388 1257 1431 1321 ab

261 1376 351 1421 anno
374 1355 438 1444 23).
484 1359 600 1444 Neque
623 1367 738 1425 auctor
760 1361 825 1425 fuit
846 1361 998 1426 Tiberius
1029 1381 1137 1447 neque
1165 1362 1317 1426 conscius
1341 1368 1373 1425 et
1392 1362 1431 1424 in

261 1482 367 1528 errore
390 1463 545 1530 videntur
575 1466 698 1532 versari
729 1466 761 1546 ii,
794 1468 855 1551 qui
886 1466 1084 1532 Suetonium
1119 1466 1223 1532 secuti
1257 1466 1340 1552 (Tib.
1376 1469 1431 1553 55)

261 1566 420 1633 Seianum
443 1568 519 1634 filiis
543 1570 730 1636 Germanici
761 1573 940 1658 perniciem
970 1573 1137 1659 paravisse
1165 1579 1287 1659 putant
1309 1572 1432 1638 Tiberii

260 1673 363 1738 iussu.
411 1675 527 1760 Neque
550 1677 638 1741 enim
664 1678 798 1744 Tacitus
822 1678 945 1744 liberii
961 1679 1146 1764 castigandi
1168 1678 1431 1745 studiosissimus

259 1778 295 1844 id
329 1779 470 1866 dignum
494 1802 564 1846 esse
594 1783 772 1849 arbitratus
806 1791 864 1864 est,
898 1784 989 1869 quod
1016 1785 1194 1851 memoriae
1228 1784 1428 1870 proderetur.

259 1884 430 1950 Praeterea
453 1887 628 1954 verisimile
651 1910 720 1954 non
736 1896 785 1954 est
800 1889 968 1969 Seianum,
986 1891 1097 1957 virum
1112 1890 1428 1976 ingeniosissimum,

260 2010 294 2054 se
318 1991 364 2055 sic
387 1992 596 2058 abutendum
620 1994 752 2060 Tiberio
774 1995 971 2081 permisisse,
996 2016 1114 2080 neque,
1137 2017 1214 2060 eum
1237 2000 1430 2061 accusatum

259 2117 372 2162 essea
404 2098 535 2164 Tiberio
562 2099 691 2164 sceleris
719 2101 814 2166 euius
848 2100 903 2166 hio
926 2101 1043 2166 luisset
1065 2108 1189 2167 auctor.
1236 2099 1430 2178 Quomodo

258 2204 360 2271 verba
390 2205 448 2270 illa
480 2205 603 2272 Tiberii
634 2206 853 2284 illustrantur,
886 2227 973 2292 quae
1003 2213 1083 2272 sunt
1111 2206 1202 2294 apud
1232 2205 1429 2272 Suetonium

258 2311 329 2376 Tib.
356 2314 412 2377 61:
441 2313 610 2379 «Seianam
632 2335 666 2379 se
681 2316 824 2394 pauisse,
846 2316 928 2396 qaod
944 2316 1140 2395 comperisset
1152 2315 1262 2396 farere
1277 2315 1429 2378 adversas

257 2418 369 2484 liberos
411 2419 596 2484 Germanici
632 2421 696 2501 [ilii
735 2421 819 2486 sai».
879 2418 1018 2489 Seianus
1055 2420 1157 2505 igitur
1194 2418 1427 2484 alienationem

257 2523 591 2609 disiunctionemque,
616 2546 702 2611 quae
724 2525 910 2590 intercessit
928 2525 1132 2612 Agrippinae
1155 2525 1292 2608 eiusque
1317 2523 1426 2589 liberis

256 2649 334 2693 eum
350 2628 490 2708 Tiberia,
508 2650 628 2715 augere
643 2631 808 2696 studebat.
840 2632 957 2715 Neque
971 2630 1072 2696 modo
1088 2630 1239 2696 Tiberius
1256 2629 1423 2708 Seianum,

257 2756 335 2799 cum
368 2756 509 2820 regnum
543 2742 668 2821 peteret
700 2737 779 2802 inde
813 2737 856 2802 ab
891 2757 981 2801 anno
1016 2738 1068 2816 23,
1104 2737 1322 2801 immutatum
1356 2755 1426 2800 esse

256 2842 374 2909 nesciit
396 2862 485 2907 anno
509 2843 561 2917 29,
596 2843 654 2908 sed
684 2843 785 2908 etiam
817 2864 932 2908 omnes
965 2842 1031 2908 fere
1061 2843 1214 2922 Romani,
1239 2843 1275 2905 in
1303 2841 1425 2926 quibus

141 2995 144 3001 ,
255 2948 412 3014 Velleius.
445 2947 543 3025 Quod
566 2948 613 3014 ita
636 2969 671 3013 se
694 2949 816 3013 habere
836 2949 1046 3034 cognoscitur
1069 2954 1101 3014 et
1125 2969 1166 3013 ex
1187 2946 1287 3012 laude
1309 2946 1424 3030 gratia·

255 3075 329 3139 que,
349 3055 385 3118 in
406 3054 529 3138 quibus
552 3053 691 3120 Seianus
718 3061 787 3120 erat
810 3075 887 3119 cum
903 3054 1035 3120 Tiberio
1050 3054 1240 3141 populoque
1260 3051 1424 3132 Romano,

255 3166 352 3225 etex
375 3181 422 3240 eo,
447 3160 538 3245 quod
561 3167 638 3225 ante
670 3182 799 3225 annum
824 3161 863 3224 31
898 3181 1008 3240 neme,
1043 3160 1151 3245 qualis
1182 3159 1323 3224 Seianus
1352 3178 1426 3224 vere

255 3271 348 3346 esset,
371 3267 546 3344 intellexit;
571 3287 652 3332 nam
675 3267 867 3352 inopinatae
891 3273 992 3352 atque
1014 3266 1213 3351 improvisae
1235 3285 1286 3329 res
1302 3262 1424 3330 aecide-

253 3379 333 3437 runt
355 3392 446 3436 anno
469 3374 524 3450 313
551 3372 591 3436 cf.
606 3373 694 3437 ¹Tac.
718 3394 797 3437 ann.
822 3372 880 3451 VI,
907 3374 940 3452 83
965 3371 1113 3438 Iuvenal.
1138 3377 1198 3436 sat.
1215 3370 1259 3448 X,
1277 3371 1319 3436 56
1337 3390 1422 3454 sqq.;

254 3479 342 3544 Suet.
369 3478 441 3542 lib.
467 3481 522 3558 65;
547 3478 611 3543 Dio
638 3481 690 3558 58,
715 3481 737 3543 4
760 3499 830 3564 sqq.

341 3583 434 3650 Iusta
457 3584 559 3669 igitur
581 3605 620 3648 ac
642 3605 720 3650 vera
743 3590 822 3649 sunt
845 3584 955 3663 verba,
980 3605 1065 3669 quae
1089 3583 1129 3648 de
1153 3583 1264 3650 Seiani
1288 3581 1423 3667 ingenie

253 3690 471 3775 moribusque
501 3695 534 3754 et
557 3689 597 3754 de
620 3689 720 3755 rebus
743 3690 786 3755 ab
810 3711 848 3754 eo
870 3690 971 3774 gestis
994 3691 1071 3756 fecit
1093 3688 1249 3754 Velleius.
1296 3687 1421 3766 Restat,

252 3802 300 3875 ut,
324 3795 359 3861 id
383 3795 474 3880 quod
496 3795 631 3860 tertium
654 3802 724 3861 erat
746 3797 962 3882 propositum,
987 3794 1233 3861 consideremus
1256 3815 1303 3873 ea,
1336 3814 1423 3879 quae

253 3902 294 3967 de
324 3901 436 3966 Seiani
470 3902 599 3986 scripsit
635 3905 899 3969 «aestimatione».
954 3902 1066 3986 Atque
1097 3900 1198 3968 verba
1229 3906 1309 3966 sunt
1340 3901 1422 3964 haec

254 4005 340 4094 (128,
363 4007 410 4096 1):
439 4010 493 4073 «ia
507 4011 604 4074 baias
619 4007 698 4095 (scil.
717 4009 838 4094 Seiani)
854 4013 1008 4076 virtatem
1031 4009 1245 4074 aestimatione
1267 4009 1333 4072 iam
1349 4008 1423 4088 pri·

252 4115 321 4179 dem
345 4117 467 4180 iudicia
483 4116 620 4181 civitatis
636 4137 706 4181 cani
722 4118 851 4182 iudiciis
860 4117 1023 4197 princepis
1039 4119 1190 4179 certaret».
1223 4110 1291 4177 Suo
1307 4118 1420 4178 autem

250 4220 321 4285 iure
344 4219 511 4287 Velleium
536 4242 575 4286 ea
597 4221 765 4308 scripsisse
788 4220 1003 4286 confirmatur
1026 4226 1058 4284 et
1081 4217 1232 4284 aTacito
1255 4239 1333 4283 ann.
1358 4217 1418 4297 Ill,
