3266 4918
678 285 719 295 ..
766 247 809 314 25
855 281 897 292 ..

1291 328 1323 387 Ο

201 438 261 522 qui
294 439 368 518 105,
401 441 422 504 3
453 439 624 506 Tiberium
656 440 766 507 hieme
797 441 834 506 in
866 439 983 506 urbem
1012 443 1157 504 tractum
1180 459 1251 506 esse
1274 437 1375 503 tradit

205 546 338 625 «pietate
360 567 452 612 suo».

291 649 357 727 Qui
388 652 512 718 fuerint
545 673 584 720 eo
607 659 763 739 tempore,
794 674 861 738 quo
884 653 1059 738 Augustus
1092 651 1203 718 evita
1225 649 1373 728 decessit,

201 755 430 822 Romanorum
449 758 562 837 animi,
577 757 723 825 Velleius
742 761 848 838 124,1
873 758 1030 845 depingit.
1063 758 1175 842 Atque
1197 756 1318 822 iustam
1336 775 1375 822 ac

201 881 314 927 veram
337 882 407 928 esse
429 862 518 928 hanc
541 863 796 950 descriptionem
811 885 853 930 ex
872 863 922 942 iis,
947 885 1034 949 quae
1049 863 1185 929 Tacitus
1208 884 1286 928 ann.
1310 862 1375 940 Ι,4

201 973 235 1032 et
258 970 276 1032 7
301 975 424 1048 narrat,
448 971 527 1035 satis
550 977 659 1056 potest
681 971 843 1056 cognosci.
880 970 951 1035 Nec
972 975 1087 1035 tamen
1106 969 1212 1034 facere
1226 988 1374 1054 possum,

201 1073 284 1158 quin
308 1095 410 1158 quam
432 1073 570 1160 iniquus
585 1075 717 1142 Tiberio
733 1076 869 1142 Tacitus
893 1075 1000 1156 fuerit,
1023 1075 1140 1161 paucis
1162 1074 1227 1139 hoo
1242 1092 1375 1158 quoque

201 1178 273 1244 loco
296 1179 480 1246 ostendam.
526 1182 603 1246 Non
627 1182 717 1248 enim
740 1183 920 1267 quisquam
943 1179 1080 1266 negabit
1102 1185 1227 1246 statum
1250 1178 1297 1244 rei
1314 1197 1375 1263 pu·

202 1284 308 1354 blicae
329 1285 502 1352 Romanae
534 1293 609 1352 tum
632 1308 711 1352 eum
734 1288 848 1367 fuisse,
874 1292 913 1352 ut
936 1286 1062 1352 bellum
1085 1284 1179 1352 civile
1202 1282 1373 1360 extitisset,

201 1389 267 1456 nisi
289 1390 441 1456 Tiberius
468 1394 635 1459 «stationi»
661 1392 758 1478 (Vell.
774 1394 818 1473 ΙΙ,
840 1393 912 1472 124,
931 1390 964 1478 2)
985 1391 1133 1477 Augusti
1154 1389 1373 1468 successisset,

203 1517 282 1561 cum
315 1502 444 1582 praeter
476 1520 530 1564 eos
562 1500 660 1578 viros,
693 1499 752 1584 qui
776 1499 1018 1564 successionem
1042 1497 1106 1562 sibi
1129 1495 1298 1563 vindicare
1320 1514 1374 1579 po·

203 1602 354 1681 tuissent,
371 1608 507 1670 senatus
523 1611 619 1684 certe,
637 1611 676 1669 ut
690 1604 865 1690 imperium
882 1624 902 1668 a
918 1603 1115 1670 Caesaribus
1138 1601 1201 1666 sibi
1224 1605 1375 1685 ereptum

203 1715 418 1794 recuperaret,
444 1709 677 1775 contendisset.
717 1709 816 1787 Quod
839 1710 887 1774 ita
910 1729 945 1774 se
968 1709 1090 1774 habere
1112 1707 1275 1773 Romanis
1294 1707 1374 1792 ipsis

204 1818 276 1880 tum
305 1819 373 1879 erat
395 1835 608 1900 persuasum;
640 1815 754 1900 itaque
782 1814 928 1900 prompti
951 1814 1123 1880 Tiberium
1146 1813 1376 1880 salutaverunt

203 1918 444 2004 imperatorem.
492 1922 651 1988 Attamen
683 1921 819 1986 Tacitus
855 1921 1082 1986 adulationem
1114 1927 1214 2006 atque
1244 1919 1374 1986 humili·

203 2030 306 2088 tatem
338 2026 597 2112 magistratibus,
631 2027 770 2107 senatui,
804 2028 928 2114 populo
960 2027 1092 2092 crimini
1123 2025 1193 2105 dat,
1227 2025 1306 2110 quia
1337 2025 1375 2090 in

205 2129 306 2196 verba
328 2130 451 2197 Tiberii
479 2131 691 2200 iuraverunt:
727 2141 779 2198 cot
801 2135 921 2199 Romae
943 2155 1036 2200 ruere
1058 2135 1094 2198 11
1116 2133 1282 2198 servitiam
1305 2153 1375 2198 eorr-

205 2238 297 2314 soles,
316 2245 437 2317 patres,
470 2261 571 2320 eques.
595 2246 712 2321 querito
735 2239 807 2321 quis
829 2240 1004 2306 illustrior»
1031 2243 1091 2304 etc.
1139 2237 1251 2323 Atque
1273 2237 1375 2301 etiam

206 2361 373 2406 sermones
404 2342 468 2406 hoc
499 2343 572 2407 loco
594 2343 730 2409 Tacitus
752 2344 869 2424 reddit,
902 2365 986 2429 quos
1015 2344 1132 2409 inanes
1155 2350 1188 2409 et
1210 2343 1375 2428 malignos

205 2467 276 2512 esse
298 2446 369 2531 ipse
392 2445 488 2512 docet
509 2448 568 2528 HI,
595 2447 636 2514 81
661 2455 694 2514 et
716 2448 775 2529 VI,
800 2450 853 2514 51.
899 2450 1016 2536 Neque
1048 2450 1139 2516 enim
1161 2449 1232 2515 lieri
1254 2449 1371 2534 potuit,

204 2558 243 2616 ut
264 2551 416 2617 Tiberius
449 2560 526 2618 ante
557 2574 687 2619 annum
713 2556 755 2619 14
781 2563 934 2622 «secretos
956 2558 1121 2622 libidines»
1148 2555 1373 2633 meditaretur,

121 2705 123 2712 .
203 2679 281 2722 cum
305 2679 412 2744 usque
434 2658 478 2724 ad
493 2679 623 2724 annum
647 2662 688 2725 21
717 2662 833 2726 «nullia
855 2661 1085 2742 voluptatibus»
1112 2667 1291 2747 caperetur,
1320 2682 1374 2727 ne-

204 2785 279 2849 que,
303 2770 342 2830 ut
368 2766 486 2831 «molto
507 2766 631 2832 iudicio
653 2767 821 2833 saevitiae»
848 2772 1067 2851 erumperent,
1100 2788 1179 2833 cum
1201 2766 1375 2852 usquead

205 2890 332 2934 annum
359 2871 401 2935 14
427 2874 605 2955 repropirrs»
632 2877 717 2936 esset
743 2875 827 2937 «rite
848 2874 1028 2955 ferroque».
1061 2870 1215 2938 Ceterum
1238 2873 1376 2958 hicque

204 2975 331 3040 ratione
354 2974 503 3040 Velleius
535 2981 636 3060 atque
659 2977 795 3043 Tacitus
826 2977 863 3041 in
894 2977 994 3042 rebus
1017 2977 1232 3043 aestimandis
1254 2979 1376 3046 versati

206 3080 281 3159 sint,
311 3080 457 3146 maxime
488 3082 694 3167 perspicitur.
742 3083 829 3147 Nam
858 3082 915 3148 ille
945 3082 1072 3148 bellum
1105 3083 1200 3150 civile
1231 3084 1376 3170 appellat

209 3188 311 3252 «orbis
333 3187 483 3252 rrrirrom»
519 3193 551 3252 et
583 3208 647 3264 eos,
679 3187 737 3272 qui
761 3187 908 3253 Caesaris
931 3189 1077 3273 partium
1100 3195 1203 3268 erant,
1231 3192 1374 3271 «bonos»,

205 3292 259 3356 hic
282 3313 347 3371 eos,
379 3293 439 3377 qui
469 3291 601 3357 Tiberio
632 3292 798 3373 favebant,
831 3293 1018 3359 adulatores
1048 3300 1148 3380 atque
1171 3316 1282 3362 servos
1305 3316 1377 3362 esse

206 3398 286 3464 dicit
308 3404 341 3464 et
362 3398 501 3464 liberam
524 3420 594 3464 rem
620 3399 799 3484 publicam,
835 3420 1043 3485 quamquam
1071 3399 1159 3466 bello
1181 3400 1269 3466 civili
1292 3423 1376 3487 opus

205 3503 322 3569 fuisset
352 3503 396 3568 ad
429 3525 503 3569 eam
534 3504 790 3584 restituendam,
827 3511 940 3570 tamen
972 3505 1101 3584 laudat;
1141 3507 1181 3572 cf.
1214 3508 1240 3586 I,
1275 3509 1374 3591 3sq.:

209 3617 339 3692 «quotus
362 3613 493 3694 quisque
515 3613 671 3694 reliquus,
710 3614 765 3693 qui
795 3633 862 3676 rem
886 3613 1049 3693 publicem
1079 3613 1233 3678 vidisset?
1275 3613 1377 3696 ipitrrr

206 3737 293 3781 uerso
329 3717 467 3781 civitatis
497 3724 601 3782 11111»
638 3721 698 3782 etc.
735 3719 850 3798 «porci
882 3719 963 3784 1111
993 3719 1148 3784 libertatis
1178 3718 1215 3782 iri
1251 3739 1376 3785 cessem

206 3823 391 3888 disserere».

294 3929 406 4014 Atque
428 3928 511 3994 haec
526 3928 698 3995 hactenus.
736 3931 809 3996 Iam
825 3951 922 4016 porro
944 3928 1002 3995 illa
1016 3927 1272 4009 consideremus,
1290 3949 1377 4014 quae
1503 3950 1509 3960 ·

206 4033 354 4100 Velleius
386 4032 495 4101 reddit
519 4035 593 4114 124,
619 4037 648 4100 2.
695 4035 813 4120 Neque
835 4035 1074 4121 reprehendere
1097 4055 1174 4099 eum
1197 4055 1376 4120 possumus

207 4140 243 4204 in
266 4161 313 4220 eo,
346 4141 437 4226 quod
470 4145 624 4206 senatum
659 4140 889 4227 populumque
919 4142 1113 4206 Romanum
1144 4162 1222 4207 cum
1244 4140 1376 4206 Tiberio

207 4247 409 4331 pugnavisse
440 4247 551 4326 tradit,
576 4268 653 4314 cum
688 4246 746 4326 illi,
781 4253 818 4311 ut
845 4250 1011 4314 «stationi»
1045 4252 1202 4333 paternae
1225 4245 1376 4312 Tiberius
