3266 4918
671 199 893 262 „55..

196 393 293 460 nicus
324 394 498 459 «domitor»
533 391 720 478 appellatur
758 391 990 458 «Germaniae»
1026 387 1112 475 (129,
1145 387 1186 475 2).
1239 388 1371 465 Quibus

196 499 306 567 verbis
329 498 470 564 eandem
493 499 523 564 ei
546 497 681 565 laudem
704 497 747 563 ob
769 517 821 562 res
843 496 877 561 in
896 495 1075 561 Germania
1097 500 1207 581 gestas
1222 493 1370 561 Velleius

198 605 316 671 tribuit
338 625 441 691 quam
465 603 596 669 Tiberio
620 602 671 689 (of.
698 625 728 688 p.
756 601 816 689 17).
854 600 953 679 Quod
976 622 1043 686 quo
1065 601 1137 665 iure
1159 600 1280 681 feeerit,
1299 622 1371 687 eog-

196 711 345 777 noseitur
376 731 418 775 ex
448 710 555 775 Taciti
585 708 611 788 Ι,
637 710 778 774 50-51,
811 708 959 786 55-71,
995 707 1038 786 Π,
1063 707 1173 771 5-26
1198 711 1230 770 et
1252 706 1371 771 Dionis

198 817 251 896 57,
278 818 318 882 18
343 821 375 881 et
397 814 548 880 Suetonii
564 813 667 900 Oaiig.
689 817 718 879 1.
750 813 906 898 Namque
923 812 1150 890 Germanicus,
1177 833 1254 877 eum
1273 811 1371 878 annis

200 923 329 988 14-16
361 921 488 988 bellum
517 921 554 986 in
582 921 762 987 Germania
787 926 931 1007 gereret,
965 919 1002 984 in
1031 918 1220 984 interiorem
1250 925 1371 984 terram

196 1028 381 1114 penetravit
412 1033 445 1092 et
477 1026 575 1094 variis
607 1027 738 1113 proeliis
761 1027 867 1106 factis,
900 1045 1106 1110 quamquam
1139 1045 1263 1112 magna
1286 1025 1372 1110 oepit

198 1133 404 1213 detrimenta,
429 1140 545 1199 tamen
566 1133 671 1200 victor
694 1154 825 1219 semper
848 1137 926 1197 erat.

286 1239 397 1305 Etiam
420 1259 507 1323 quae
530 1238 686 1336 (leinesps
708 1239 867 1324 leguntur
889 1237 991 1305 verba
1017 1239 1090 1316 129,
1118 1239 1151 1302 2;
1175 1240 1307 1321 «quibas
1321 1240 1372 1303 ia-

197 1353 320 1412 oeatom
354 1348 423 1411 eius
453 1348 653 1430 eaopperooit
682 1347 851 1412 honoribus
883 1345 1087 1425 respondente
1110 1346 1195 1409 auito
1218 1346 1373 1426 triumphi

197 1473 305 1517 reram
320 1473 401 1534 quos
413 1458 554 1535 pesserot
575 1452 842 1534 mapaitude'oib,
866 1448 954 1514 iusta
978 1455 1057 1514 sunt
1072 1469 1111 1514 ae
1133 1470 1224 1527 vera;
1249 1449 1372 1515 etenim

198 1557 338 1622 summis
361 1556 544 1622 honoribus
569 1555 807 1621 Germanicum
835 1576 855 1620 a
877 1555 1009 1620 Tiberio
1032 1561 1169 1621 austum
1193 1576 1263 1620 esse
1287 1576 1372 1621 oom-

198 1661 318 1747 probat
332 1662 478 1727 Tacitus.
513 1662 671 1727 Itaanno
690 1661 953 1746 quintodecimo
976 1659 1147 1746 triumpho
1170 1661 1219 1726 illi
1242 1661 1372 1727 decreto

198 1765 287 1853 (ann.
315 1768 341 1847 Ι,
366 1767 421 1856 55)
455 1788 580 1833 nomen
612 1767 738 1852 aceepit
773 1767 980 1853 imperatoris
1012 1765 1101 1850 (ann.
1130 1767 1156 1846 I,
1181 1765 1250 1853 58),
1283 1787 1373 1832 anno

198 1873 442 1940 sextodecimo
479 1875 534 1940 «ab
558 1881 681 1956 recepto
703 1875 796 1956 sipara
820 1895 890 1940 eam
921 1874 1005 1939 Varo
1029 1876 1149 1940 amissa
1172 1876 1268 1940 dueta
1293 1875 1372 1940 Ger·

197 1982 334 2047 manici»
361 2000 457 2045 arcus
480 1979 610 2044 dicatur
633 1977 722 2064 (ann.
747 1979 789 2059 II,
815 1978 879 2065 41),
912 1979 1053 2064 septimo
1077 1978 1206 2044 decimo
1229 1979 1373 2064 splendi-

198 2086 374 2152 dissimum
396 2085 608 2171 trimphum
635 2085 703 2170 egit
725 2085 925 2151 Germaniae
947 2083 1036 2170 (ann.
1061 2086 1102 2164 Π,
1128 2088 1186 2164 41;
1214 2086 1255 2150 of.
1281 2084 1371 2150 Suet.

198 2192 300 2278 Galig.
327 2189 357 2277 1)
381 2197 414 2256 et
439 2193 608 2257 «Tiberias
624 2193 747 2257 nomiae
764 2191 949 2258 Germanioi
963 2198 1102 2258 treeeaos
1111 2193 1199 2272 plebi
1213 2194 1372 2258 sestertios

199 2301 320 2364 viritim
351 2299 438 2362 dedit
469 2317 561 2379 seque
590 2299 739 2381 'collepaeo
771 2299 949 2364 eooealotae'
981 2300 1049 2362 eius
1080 2299 1249 2363 destinavit
1281 2295 1371 2383 (ann.

198 2405 241 2484 Π,
265 2400 329 2488 42).
361 2403 478 2490 Neque
501 2403 614 2468 minus
637 2423 715 2469 vera
738 2409 818 2469 sunt
839 2403 941 2469 verba
955 2401 1063 2470 Vellei
1080 2406 1152 2483 129,
1178 2407 1213 2470 3:
1237 2411 1373 2488 «quanto

199 2532 269 2576 eam
280 2511 394 2576 bonore
407 2509 633 2576 Germanicam
644 2531 738 2576 soom
747 2512 783 2576 e'o
795 2512 1032 2576 transmarinas
1043 2513 1131 2578 misit
1137 2515 1373 2592 prooioee'asb3

199 2638 277 2682 nam
302 2615 543 2681 confirmantur
565 2635 585 2679 a
605 2615 721 2680 Tacito
744 2636 822 2680 ann.
839 2615 882 2694 ΙΙ,
899 2617 956 2680 43:
985 2623 1079 2682 «tuoe
1103 2619 1222 2684 decreto
1238 2626 1374 2700 petram

192 2725 369 2803 permissae
394 2723 583 2788 Germaniae
600 2724 795 2803 provinciae,
819 2743 899 2804 qaae
922 2724 1008 2787 mori
1034 2724 1231 2804 dividantur,
1254 2727 1374 2790 maias-

199 2849 257 2910 qae
279 2831 458 2909 imperium,
492 2849 612 2910 qaoque
636 2829 763 2906 odisset,
798 2849 893 2910 qaam
916 2830 968 2906 ite,
1003 2830 1060 2911 qai
1085 2836 1167 2895 sorte
1195 2837 1252 2896 aot
1273 2832 1373 2896 missa

193 2934 356 3013 princepis
377 2935 580 2998 obtinerent».
631 2932 696 2998 Sed
723 2933 897 3018 discrepat,
923 2953 1001 2998 oum
1027 2935 1099 3011 130,
1125 2936 1146 3000 3
1168 2941 1274 3000 morte
1297 2935 1373 3001 Ger·

200 3038 324 3103 manici
346 3036 518 3103 Tiberium
549 3037 660 3106 dolore
692 3039 851 3105 affectum
875 3059 946 3104 esse
969 3039 1092 3119 scribit,
1117 3046 1150 3105 et
1172 3061 1190 3104 a
1215 3041 1374 3107 Suetonio

202 3140 285 3227 (Tib.
311 3143 368 3222 52;
394 3144 496 3230 Galig.
524 3141 622 3231 1-2)
646 3150 717 3210 eta
739 3145 855 3210 Tacito
879 3143 968 3231 (ann.
984 3146 1010 3226 Ι,
1036 3147 1159 3226 33;11,
1186 3149 1215 3212 5.
1242 3149 1293 3212 22.
1319 3149 1373 3212 26.

198 3248 250 3313 42.
277 3250 320 3314 43
344 3246 417 3335 eto.)
441 3255 474 3314 et
496 3270 516 3316 a
538 3249 646 3314 Dione
668 3248 732 3336 (57,
760 3247 821 3336 18).
869 3251 936 3329 Qui
969 3252 1208 3319 Germanicum
1242 3254 1375 3320 Tiberio

198 3375 268 3419 non
299 3354 399 3420 modo
423 3376 493 3420 non
516 3375 632 3420 aarum
656 3354 757 3421 fuisse
779 3355 958 3436 affirmant,
994 3357 1052 3423 sed
1082 3359 1183 3424 etiam
1214 3360 1373 3439 invisum,

199 3481 308 3545 neque
330 3462 501 3527 Tiberium
533 3461 678 3527 doluisse
701 3461 743 3526 de
765 3461 855 3527 illius
879 3469 992 3543 morte,
1023 3464 1080 3530 sed
1103 3464 1263 3532 laetatum
1287 3486 1358 3531 esse
1365 3488 1373 3544 ;

199 3565 239 3630 ef.
264 3565 328 3630 Dio
351 3567 403 3646 57,
431 3569 486 3632 18:
516 3577 586 3632 «τοῦ
611 3569 644 3631 δὲ
669 3568 707 3652 δὴ
730 3565 919 3653 Γερμανικοῦ
943 3572 1178 3656 τελευτήσαντος
1202 3569 1218 3635 ὁ
1242 3575 1296 3656 μὲν
1319 3568 1374 3636 Τι-

199 3673 299 3754 βέριος
322 3677 376 3736 καὶ
398 3670 419 3759 ἡ
442 3671 555 3737 Λιουία
579 3679 653 3738 πάνυ
677 3671 831 3760 ἥσθησαν.
879 3673 973 3750 Quae
996 3696 1075 3740 cum
1096 3675 1144 3740 ita
1168 3675 1243 3755 sint,
1269 3676 1310 3741 de
1333 3697 1374 3742 ea

197 3795 233 3843 re
255 3776 391 3844 uberius
414 3777 635 3865 disputemus..

287 3882 338 3947 Aa
370 3885 517 3968 primum
552 3885 689 3971 quidem
720 3886 838 3952 Dionis
871 3885 1045 3972 descriptio
1081 3887 1212 3952 obstare
1245 3889 1374 3973 nequit,

198 3988 379 4072 quominus
411 3988 512 4055 fidem
543 3991 672 4058 Velleio
702 3992 897 4058 habeamus.
943 3993 1031 4059 Nam
1063 3993 1101 4058 in
1131 3994 1259 4060 ratione
1287 4013 1376 4078 quae

199 4091 329 4159 Tiberio
351 4094 557 4162 interfuisset
572 4118 651 4162 eum
667 4097 875 4177 Germanica,
893 4097 1110 4165 describenda
1130 4103 1201 4164 tem
1216 4099 1372 4184 iniquum

197 4195 295 4261 illum
317 4198 421 4266 fuisse
441 4199 597 4282 vidimus,
622 4208 661 4268 ut
683 4203 783 4269 falsas
806 4225 857 4269 res
872 4206 1052 4272 memoriae
1074 4206 1213 4292 prodere
1235 4227 1305 4272 non
1326 4225 1375 4272 re
