<?xml version="1.0" encoding="UTF-8"?>
<!DOCTYPE html PUBLIC "-//W3C//DTD XHTML 1.0 Transitional//EN"
    "http://www.w3.org/TR/xhtml1/DTD/xhtml1-transitional.dtd">
<html xmlns="http://www.w3.org/1999/xhtml" xml:lang="en" lang="en">
 <head>
  <title>
</title>
<meta http-equiv="Content-Type" content="text/html;charset=utf-8" />
  <meta name='ocr-system' content='tesseract 3.04.00' />
  <meta name='ocr-capabilities' content='ocr_page ocr_carea ocr_par ocr_line ocrx_word'/>
</head>
<body>
  <div class='ocr_page' id='page_1' title='image "./develleipatercu00fausgoog_0021.png"; bbox 0 0 3266 4918; ppageno 0'>
   <div class='ocr_carea' id='block_1_1' title="bbox 701 238 919 302">
    <p class='ocr_par' dir='ltr' id='par_1_1' title="bbox 701 238 919 302">
     <span class='ocr_line' id='line_1_1' title="bbox 701 238 919 302; baseline -0.009 -18"><span class='ocrx_word' id='word_1_1' title='bbox 701 238 919 302; x_wconf 69' lang='grc'><strong>..12-</strong></span> 
     </span>
    </p>
   </div>
   <div class='ocr_carea' id='block_1_2' title="bbox 217 429 1460 3582">
    <p class='ocr_par' dir='ltr' id='par_1_2' title="bbox 217 429 1460 3582">
     <span class='ocr_line' id='line_1_2' title="bbox 222 429 1396 515; baseline -0.004 -16"><span class='ocrx_word' id='word_1_2' title='bbox 222 433 312 499; x_wconf 90' lang='lat' dir='ltr'>enim</span> <span class='ocrx_word' id='word_1_3' title='bbox 337 431 553 498; x_wconf 89' lang='lat' dir='ltr'>consentiunt</span> <span class='ocrx_word' id='word_1_4' title='bbox 568 451 646 496; x_wconf 89' lang='lat' dir='ltr'>cum</span> <span class='ocrx_word' id='word_1_5' title='bbox 664 430 713 508; x_wconf 89' lang='lat' dir='ltr'>iis,</span> <span class='ocrx_word' id='word_1_6' title='bbox 738 449 825 515; x_wconf 91' lang='lat' dir='ltr'>quae</span> <span class='ocrx_word' id='word_1_7' title='bbox 840 429 1020 507; x_wconf 79' lang='lat' dir='ltr'>Suetonius</span> <span class='ocrx_word' id='word_1_8' title='bbox 1042 435 1143 514; x_wconf 87' lang='lat' dir='ltr'>atque</span> <span class='ocrx_word' id='word_1_9' title='bbox 1165 429 1301 495; x_wconf 80' lang='lat' dir='ltr'><strong>Tacitus</strong></span> <span class='ocrx_word' id='word_1_10' title='bbox 1323 429 1396 494; x_wconf 91' lang='lat' dir='ltr'>red·</span> 
     </span>
     <span class='ocr_line' id='line_1_3' title="bbox 224 534 1395 622; baseline -0.002 -19"><span class='ocrx_word' id='word_1_11' title='bbox 224 538 319 619; x_wconf 92' lang='lat' dir='ltr'>dunt,</span> <span class='ocrx_word' id='word_1_12' title='bbox 349 537 450 605; x_wconf 86' lang='lat' dir='ltr'>verba</span> <span class='ocrx_word' id='word_1_13' title='bbox 472 537 596 622; x_wconf 90' lang='lat' dir='ltr'>quibus</span> <span class='ocrx_word' id='word_1_14' title='bbox 618 535 767 602; x_wconf 83' lang='lat' dir='ltr'>Velleius</span> <span class='ocrx_word' id='word_1_15' title='bbox 789 534 1002 622; x_wconf 88' lang='lat' dir='ltr'>adoptionem</span> <span class='ocrx_word' id='word_1_16' title='bbox 1026 542 1277 602; x_wconf 81' lang='lat' dir='ltr'>commemorat:</span> <span class='ocrx_word' id='word_1_17' title='bbox 1316 557 1395 601; x_wconf 66' lang='lat' dir='ltr'>enon</span> 
     </span>
     <span class='ocr_line' id='line_1_4' title="bbox 223 642 1396 726; baseline -0.005 -15"><span class='ocrx_word' id='word_1_18' title='bbox 223 652 269 710; x_wconf 89' lang='lat' dir='ltr'>est</span> <span class='ocrx_word' id='word_1_19' title='bbox 291 647 349 710; x_wconf 84' lang='lat' dir='ltr'>diu</span> <span class='ocrx_word' id='word_1_20' title='bbox 365 650 528 710; x_wconf 89' lang='lat' dir='ltr'>cunctatus</span> <span class='ocrx_word' id='word_1_21' title='bbox 547 642 666 708; x_wconf 77' lang='lat' dir='ltr'>Caesar</span> <span class='ocrx_word' id='word_1_22' title='bbox 681 644 863 726; x_wconf 78' lang='lat' dir='ltr'>Aupustus,·</span> <span class='ocrx_word' id='word_1_23' title='bbox 885 663 984 725; x_wconf 79' lang='lat' dir='ltr'>neque</span> <span class='ocrx_word' id='word_1_24' title='bbox 1006 644 1090 708; x_wconf 87' lang='lat' dir='ltr'>enirn</span> <span class='ocrx_word' id='word_1_25' title='bbox 1105 644 1304 724; x_wconf 79' lang='lat' dir='ltr'>quaerendus</span> <span class='ocrx_word' id='word_1_26' title='bbox 1327 647 1396 707; x_wconf 90' lang='lat' dir='ltr'>erat</span> 
     </span>
     <span class='ocr_line' id='line_1_5' title="bbox 222 748 1397 834; baseline -0.003 -18"><span class='ocrx_word' id='word_1_27' title='bbox 222 773 314 834; x_wconf 78' lang='lat' dir='ltr'>quern</span> <span class='ocrx_word' id='word_1_28' title='bbox 337 752 457 834; x_wconf 77' lang='lat' dir='ltr'>teperet,</span> <span class='ocrx_word' id='word_1_29' title='bbox 480 751 535 814; x_wconf 82' lang='lat' dir='ltr'>sect</span> <span class='ocrx_word' id='word_1_30' title='bbox 557 749 705 832; x_wconf 77' lang='lat' dir='ltr'>tependus</span> <span class='ocrx_word' id='word_1_31' title='bbox 728 750 784 830; x_wconf 80' lang='lat' dir='ltr'>qui</span> <span class='ocrx_word' id='word_1_32' title='bbox 806 749 967 826; x_wconf 73' lang='lat' dir='ltr'>eminebat,</span> <span class='ocrx_word' id='word_1_33' title='bbox 990 751 1097 830; x_wconf 79' lang='lat' dir='ltr'>itaque</span> <span class='ocrx_word' id='word_1_34' title='bbox 1120 750 1204 830; x_wconf 84' lang='lat' dir='ltr'>qrrod</span> <span class='ocrx_word' id='word_1_35' title='bbox 1212 754 1286 830; x_wconf 79' lang='lat' dir='ltr'>post</span> <span class='ocrx_word' id='word_1_36' title='bbox 1301 748 1397 812; x_wconf 76' lang='lat' dir='ltr'>[arcii</span> 
     </span>
     <span class='ocr_line' id='line_1_6' title="bbox 223 855 1396 936; baseline -0.003 -14"><span class='ocrx_word' id='word_1_37' title='bbox 223 863 354 922; x_wconf 85' lang='lat' dir='ltr'>rnortern</span> <span class='ocrx_word' id='word_1_38' title='bbox 377 856 480 920; x_wconf 85' lang='lat' dir='ltr'>adbuc</span> <span class='ocrx_word' id='word_1_39' title='bbox 504 855 587 920; x_wconf 80' lang='lat' dir='ltr'>Gaio</span> <span class='ocrx_word' id='word_1_40' title='bbox 616 856 685 920; x_wconf 84' lang='lat' dir='ltr'>aira</span> <span class='ocrx_word' id='word_1_41' title='bbox 705 855 811 936; x_wconf 72' lang='lat' dir='ltr'>fasne</span> <span class='ocrx_word' id='word_1_42' title='bbox 833 855 974 919; x_wconf 85' lang='lat' dir='ltr'>caluerat</span> <span class='ocrx_word' id='word_1_43' title='bbox 1001 861 1094 936; x_wconf 81' lang='lat' dir='ltr'>atque</span> <span class='ocrx_word' id='word_1_44' title='bbox 1125 855 1318 920; x_wconf 73' lang='lat' dir='ltr'>veliementer</span> <span class='ocrx_word' id='word_1_45' title='bbox 1348 875 1396 918; x_wconf 87' lang='lat' dir='ltr'>re-</span> 
     </span>
     <span class='ocr_line' id='line_1_7' title="bbox 217 960 1396 1046; baseline -0.005 -19"><span class='ocrx_word' id='word_1_46' title='bbox 217 969 383 1046; x_wconf 77' lang='lat' dir='ltr'>pupnante</span> <span class='ocrx_word' id='word_1_47' title='bbox 407 961 534 1028; x_wconf 80' lang='lat' dir='ltr'>Nerone</span> <span class='ocrx_word' id='word_1_48' title='bbox 556 967 626 1026; x_wconf 87' lang='lat' dir='ltr'>erat</span> <span class='ocrx_word' id='word_1_49' title='bbox 650 961 813 1038; x_wconf 78' lang='lat' dir='ltr'>inhibitus,</span> <span class='ocrx_word' id='word_1_50' title='bbox 838 966 913 1041; x_wconf 82' lang='lat' dir='ltr'>post</span> <span class='ocrx_word' id='word_1_51' title='bbox 946 961 1113 1042; x_wconf 78' lang='lat' dir='ltr'>utriusque</span> <span class='ocrx_word' id='word_1_52' title='bbox 1147 960 1396 1024; x_wconf 79' lang='lat' dir='ltr'>adulescentium</span> 
     </span>
     <span class='ocr_line' id='line_1_8' title="bbox 225 1065 1397 1149; baseline -0.003 -16"><span class='ocrx_word' id='word_1_53' title='bbox 225 1069 343 1134; x_wconf 83' lang='lat' dir='ltr'>abitura</span> <span class='ocrx_word' id='word_1_54' title='bbox 364 1068 470 1149; x_wconf 80' lang='lat' dir='ltr'>facere</span> <span class='ocrx_word' id='word_1_55' title='bbox 488 1067 711 1148; x_wconf 84' lang='lat' dir='ltr'>perseuerauit,</span> <span class='ocrx_word' id='word_1_56' title='bbox 745 1071 781 1130; x_wconf 89' lang='lat' dir='ltr'>ut</span> <span class='ocrx_word' id='word_1_57' title='bbox 804 1071 833 1129; x_wconf 89' lang='lat' dir='ltr'>ct</span> <span class='ocrx_word' id='word_1_58' title='bbox 860 1065 1050 1130; x_wconf 76' lang='lat' dir='ltr'>tribuniciae</span> <span class='ocrx_word' id='word_1_59' title='bbox 1078 1066 1242 1146; x_wconf 84' lang='lat' dir='ltr'>potestatis</span> <span class='ocrx_word' id='word_1_60' title='bbox 1274 1085 1397 1130; x_wconf 73' lang='lat' dir='ltr'>comor-</span> 
     </span>
     <span class='ocr_line' id='line_1_9' title="bbox 224 1171 1396 1252; baseline -0.004 -15"><span class='ocrx_word' id='word_1_61' title='bbox 224 1176 340 1240; x_wconf 87' lang='lat' dir='ltr'>tionem</span> <span class='ocrx_word' id='word_1_62' title='bbox 363 1173 488 1238; x_wconf 90' lang='lat' dir='ltr'>Neroni</span> <span class='ocrx_word' id='word_1_63' title='bbox 519 1173 727 1250; x_wconf 73' lang='lat' dir='ltr'>constitueret,</span> <span class='ocrx_word' id='word_1_64' title='bbox 761 1172 895 1236; x_wconf 84' lang='lat' dir='ltr'>muttum</span> <span class='ocrx_word' id='word_1_65' title='bbox 924 1172 1047 1252; x_wconf 69' lang='lat' dir='ltr'>quidm</span> <span class='ocrx_word' id='word_1_66' title='bbox 1072 1191 1105 1235; x_wconf 87' lang='lat' dir='ltr'>ec</span> <span class='ocrx_word' id='word_1_67' title='bbox 1128 1191 1199 1234; x_wconf 86' lang='lat' dir='ltr'>cum</span> <span class='ocrx_word' id='word_1_68' title='bbox 1222 1171 1308 1236; x_wconf 84' lang='lat' dir='ltr'>domi</span> <span class='ocrx_word' id='word_1_69' title='bbox 1330 1176 1396 1234; x_wconf 84' lang='lat' dir='ltr'>turn</span> 
     </span>
     <span class='ocr_line' id='line_1_10' title="bbox 222 1275 1395 1358; baseline -0.005 -14"><span class='ocrx_word' id='word_1_70' title='bbox 222 1281 260 1344; x_wconf 91' lang='lat' dir='ltr'>in</span> <span class='ocrx_word' id='word_1_71' title='bbox 281 1287 393 1345; x_wconf 85' lang='lat' dir='ltr'>senatu</span> <span class='ocrx_word' id='word_1_72' title='bbox 416 1285 588 1358; x_wconf 75' lang='lat' dir='ltr'>recusante,</span> <span class='ocrx_word' id='word_1_73' title='bbox 612 1285 641 1343; x_wconf 92' lang='lat' dir='ltr'>et</span> <span class='ocrx_word' id='word_1_74' title='bbox 664 1299 733 1344; x_wconf 88' lang='lat' dir='ltr'>curn</span> <span class='ocrx_word' id='word_1_75' title='bbox 748 1277 841 1342; x_wconf 85' lang='lat' dir='ltr'>Aetia</span> <span class='ocrx_word' id='word_1_76' title='bbox 860 1275 936 1342; x_wconf 84' lang='lat' dir='ltr'>Octa</span> <span class='ocrx_word' id='word_1_77' title='bbox 962 1277 997 1342; x_wconf 84' lang='lat'>0.</span> <span class='ocrx_word' id='word_1_78' title='bbox 1019 1277 1125 1342; x_wconf 79' lang='lat' dir='ltr'>Sentio</span> <span class='ocrx_word' id='word_1_79' title='bbox 1149 1277 1327 1342; x_wconf 84' lang='lat' dir='ltr'>consulibus</span> <span class='ocrx_word' id='word_1_80' title='bbox 1343 1326 1350 1338; x_wconf 91' lang='lat'><strong>.</strong></span> <span class='ocrx_word' id='word_1_81' title='bbox 1367 1324 1395 1339; x_wconf 91' lang='lat'>..</span> 
     </span>
     <span class='ocr_line' id='line_1_11' title="bbox 224 1381 1397 1467; baseline -0.005 -17"><span class='ocrx_word' id='word_1_82' title='bbox 224 1386 421 1466; x_wconf 75' lang='lat' dir='ltr'>adoptaret».</span> <span class='ocrx_word' id='word_1_83' title='bbox 454 1384 633 1450; x_wconf 84' lang='lat' dir='ltr'>Suetonius</span> <span class='ocrx_word' id='word_1_84' title='bbox 648 1382 738 1449; x_wconf 89' lang='lat' dir='ltr'>enim</span> <span class='ocrx_word' id='word_1_85' title='bbox 754 1381 857 1466; x_wconf 82' lang='lat' dir='ltr'>Calig.</span> <span class='ocrx_word' id='word_1_86' title='bbox 875 1383 897 1447; x_wconf 84' lang='lat'>4</span> <span class='ocrx_word' id='word_1_87' title='bbox 912 1382 1107 1467; x_wconf 86' lang='lat' dir='ltr'>Augustum</span> <span class='ocrx_word' id='word_1_88' title='bbox 1126 1381 1186 1447; x_wconf 92' lang='lat' dir='ltr'>diu</span> <span class='ocrx_word' id='word_1_89' title='bbox 1201 1386 1397 1446; x_wconf 86' lang='lat' dir='ltr'>cunctatum</span> 
     </span>
     <span class='ocr_line' id='line_1_12' title="bbox 224 1489 1395 1570; baseline -0.003 -15"><span class='ocrx_word' id='word_1_90' title='bbox 224 1510 297 1556; x_wconf 87' lang='lat' dir='ltr'>esse</span> <span class='ocrx_word' id='word_1_91' title='bbox 318 1490 442 1570; x_wconf 80' lang='lat' dir='ltr'>scribit,</span> <span class='ocrx_word' id='word_1_92' title='bbox 487 1513 549 1556; x_wconf 81' lang='lat' dir='ltr'>ran</span> <span class='ocrx_word' id='word_1_93' title='bbox 587 1491 814 1556; x_wconf 79' lang='lat' dir='ltr'>Germanicam</span> <span class='ocrx_word' id='word_1_94' title='bbox 847 1489 910 1553; x_wconf 86' lang='lat' dir='ltr'>sibi</span> <span class='ocrx_word' id='word_1_95' title='bbox 942 1509 1148 1554; x_wconf 84' lang='lat' dir='ltr'>successorem</span> <span class='ocrx_word' id='word_1_96' title='bbox 1186 1489 1395 1561; x_wconf 77' lang='lat' dir='ltr'>destinaret»;</span> 
     </span>
     <span class='ocr_line' id='line_1_13' title="bbox 224 1592 1460 1679; baseline -0.005 -19"><span class='ocrx_word' id='word_1_97' title='bbox 224 1596 360 1661; x_wconf 83' lang='lat' dir='ltr'>Tacitus</span> <span class='ocrx_word' id='word_1_98' title='bbox 383 1602 497 1662; x_wconf 88' lang='lat' dir='ltr'>autem</span> <span class='ocrx_word' id='word_1_99' title='bbox 512 1595 684 1661; x_wconf 76' lang='lat' dir='ltr'>Tiberium</span> <span class='ocrx_word' id='word_1_100' title='bbox 706 1594 749 1660; x_wconf 87' lang='lat' dir='ltr'>ab</span> <span class='ocrx_word' id='word_1_101' title='bbox 766 1594 920 1679; x_wconf 86' lang='lat' dir='ltr'>Augusto</span> <span class='ocrx_word' id='word_1_102' title='bbox 938 1593 1056 1673; x_wconf 87' lang='lat' dir='ltr'>filium,</span> <span class='ocrx_word' id='word_1_103' title='bbox 1081 1592 1241 1678; x_wconf 84' lang='lat' dir='ltr'>collegam</span> <span class='ocrx_word' id='word_1_104' title='bbox 1256 1592 1396 1678; x_wconf 90' lang='lat' dir='ltr'>imperii,</span> <span class='ocrx_word' id='word_1_105' title='bbox 1456 1645 1460 1654; x_wconf 82' lang='grc'><strong><em>,</em></strong></span> 
     </span>
     <span class='ocr_line' id='line_1_14' title="bbox 225 1697 1399 1787; baseline -0.003 -20"><span class='ocrx_word' id='word_1_106' title='bbox 225 1697 413 1767; x_wconf 79' lang='lat' dir='ltr'>consortem</span> <span class='ocrx_word' id='word_1_107' title='bbox 457 1702 655 1768; x_wconf 80' lang='lat' dir='ltr'>tribuniciae</span> <span class='ocrx_word' id='word_1_108' title='bbox 698 1701 870 1787; x_wconf 89' lang='lat' dir='ltr'>potestatis</span> <span class='ocrx_word' id='word_1_109' title='bbox 913 1699 1130 1785; x_wconf 90' lang='lat' dir='ltr'>adsumptum</span> <span class='ocrx_word' id='word_1_110' title='bbox 1178 1719 1249 1764; x_wconf 87' lang='lat' dir='ltr'>esse</span> <span class='ocrx_word' id='word_1_111' title='bbox 1285 1703 1399 1764; x_wconf 85' lang='lat' dir='ltr'>narrat</span> 
     </span>
     <span class='ocr_line' id='line_1_15' title="bbox 229 1804 1398 1888; baseline -0.003 -15"><span class='ocrx_word' id='word_1_112' title='bbox 229 1811 363 1873; x_wconf 78' lang='lat' dir='ltr'>«matris</span> <span class='ocrx_word' id='word_1_113' title='bbox 396 1811 556 1888; x_wconf 85' lang='lat' dir='ltr'>ortibus»;</span> <span class='ocrx_word' id='word_1_114' title='bbox 590 1808 631 1874; x_wconf 85' lang='lat' dir='ltr'>of.</span> <span class='ocrx_word' id='word_1_115' title='bbox 654 1828 734 1872; x_wconf 89' lang='lat' dir='ltr'>ann.</span> <span class='ocrx_word' id='word_1_116' title='bbox 769 1807 796 1887; x_wconf 92' lang='lat' dir='ltr'>I,</span> <span class='ocrx_word' id='word_1_117' title='bbox 826 1809 855 1885; x_wconf 88' lang='lat'>3,</span> <span class='ocrx_word' id='word_1_118' title='bbox 882 1808 918 1884; x_wconf 78' lang='lat'>73</span> <span class='ocrx_word' id='word_1_119' title='bbox 953 1805 1091 1885; x_wconf 80' lang='lat' dir='ltr'>1V,57.</span> <span class='ocrx_word' id='word_1_120' title='bbox 1138 1805 1208 1870; x_wconf 90' lang='lat' dir='ltr'>Nec</span> <span class='ocrx_word' id='word_1_121' title='bbox 1235 1825 1314 1871; x_wconf 86' lang='lat' dir='ltr'>vero</span> <span class='ocrx_word' id='word_1_122' title='bbox 1342 1804 1398 1869; x_wconf 92' lang='lat' dir='ltr'>hic</span> 
     </span>
     <span class='ocr_line' id='line_1_16' title="bbox 225 1911 1399 1999; baseline -0.002 -21"><span class='ocrx_word' id='word_1_123' title='bbox 225 1912 414 1978; x_wconf 90' lang='lat' dir='ltr'>audiendus</span> <span class='ocrx_word' id='word_1_124' title='bbox 447 1920 506 1993; x_wconf 88' lang='lat' dir='ltr'>est,</span> <span class='ocrx_word' id='word_1_125' title='bbox 542 1914 622 1999; x_wconf 91' lang='lat' dir='ltr'>quia</span> <span class='ocrx_word' id='word_1_126' title='bbox 655 1912 786 1978; x_wconf 91' lang='lat' dir='ltr'>Tiberio</span> <span class='ocrx_word' id='word_1_127' title='bbox 819 1912 864 1976; x_wconf 83' lang='lat' dir='ltr'>ita</span> <span class='ocrx_word' id='word_1_128' title='bbox 899 1911 1037 1996; x_wconf 91' lang='lat' dir='ltr'>iniquus</span> <span class='ocrx_word' id='word_1_129' title='bbox 1074 1911 1127 1977; x_wconf 91' lang='lat' dir='ltr'>his</span> <span class='ocrx_word' id='word_1_130' title='bbox 1161 1911 1241 1978; x_wconf 90' lang='lat' dir='ltr'>locis</span> <span class='ocrx_word' id='word_1_131' title='bbox 1280 1931 1399 1996; x_wconf 84' lang='lat' dir='ltr'>cogno·</span> 
     </span>
     <span class='ocr_line' id='line_1_17' title="bbox 226 2016 1400 2106; baseline -0.003 -22"><span class='ocrx_word' id='word_1_132' title='bbox 226 2020 339 2097; x_wconf 88' lang='lat' dir='ltr'>scitur,</span> <span class='ocrx_word' id='word_1_133' title='bbox 364 2026 403 2084; x_wconf 91' lang='lat' dir='ltr'>ut</span> <span class='ocrx_word' id='word_1_134' title='bbox 432 2019 494 2084; x_wconf 92' lang='lat' dir='ltr'>sibi</span> <span class='ocrx_word' id='word_1_135' title='bbox 518 2020 588 2106; x_wconf 91' lang='lat' dir='ltr'>ipse</span> <span class='ocrx_word' id='word_1_136' title='bbox 611 2019 782 2105; x_wconf 89' lang='lat' dir='ltr'>discrepet.</span> <span class='ocrx_word' id='word_1_137' title='bbox 838 2017 993 2102; x_wconf 77' lang='lat' dir='ltr'>Namque</span> <span class='ocrx_word' id='word_1_138' title='bbox 1016 2038 1095 2082; x_wconf 91' lang='lat' dir='ltr'>ann.</span> <span class='ocrx_word' id='word_1_139' title='bbox 1118 2018 1178 2096; x_wconf 89' lang='lat' dir='ltr'>III,</span> <span class='ocrx_word' id='word_1_140' title='bbox 1211 2019 1254 2084; x_wconf 79' lang='lat'>56</span> <span class='ocrx_word' id='word_1_141' title='bbox 1286 2016 1400 2082; x_wconf 85' lang='lat' dir='ltr'>scribit</span> 
     </span>
     <span class='ocr_line' id='line_1_18' title="bbox 226 2122 1399 2211; baseline -0.002 -21"><span class='ocrx_word' id='word_1_142' title='bbox 226 2127 420 2211; x_wconf 84' lang='lat' dir='ltr'>Augustum</span> <span class='ocrx_word' id='word_1_143' title='bbox 447 2124 618 2190; x_wconf 90' lang='lat' dir='ltr'>Tiberium</span> <span class='ocrx_word' id='word_1_144' title='bbox 656 2127 789 2189; x_wconf 80' lang='grc'><strong>11111106</strong></span> <span class='ocrx_word' id='word_1_145' title='bbox 817 2145 846 2188; x_wconf 89' lang='lat' dir='ltr'>a.</span> <span class='ocrx_word' id='word_1_146' title='bbox 875 2122 950 2188; x_wconf 81' lang='lat' dir='ltr'>Chr.</span> <span class='ocrx_word' id='word_1_147' title='bbox 974 2145 1008 2189; x_wconf 91' lang='lat' dir='ltr'>n.</span> <span class='ocrx_word' id='word_1_148' title='bbox 1043 2125 1169 2190; x_wconf 88' lang='lat' dir='ltr'>socium</span> <span class='ocrx_word' id='word_1_149' title='bbox 1202 2124 1399 2190; x_wconf 85' lang='lat' dir='ltr'>tribuniciae</span> 
     </span>
     <span class='ocr_line' id='line_1_19' title="bbox 226 2229 1399 2318; baseline -0.002 -22"><span class='ocrx_word' id='word_1_150' title='bbox 226 2230 397 2318; x_wconf 83' lang='lat' dir='ltr'>potestatis</span> <span class='ocrx_word' id='word_1_151' title='bbox 420 2229 589 2315; x_wconf 81' lang='lat' dir='ltr'>delegisse,</span> <span class='ocrx_word' id='word_1_152' title='bbox 622 2252 679 2296; x_wconf 77' lang='lat' dir='ltr'>«ne</span> <span class='ocrx_word' id='word_1_153' title='bbox 701 2251 860 2297; x_wconf 81' lang='lat' dir='ltr'>successor</span> <span class='ocrx_word' id='word_1_154' title='bbox 883 2232 918 2294; x_wconf 92' lang='lat' dir='ltr'>in</span> <span class='ocrx_word' id='word_1_155' title='bbox 939 2232 1058 2296; x_wconf 86' lang='lat' dir='ltr'>incerta</span> <span class='ocrx_word' id='word_1_156' title='bbox 1079 2232 1192 2312; x_wconf 79' lang='lat' dir='ltr'>foret»,</span> <span class='ocrx_word' id='word_1_157' title='bbox 1217 2237 1328 2296; x_wconf 89' lang='lat' dir='ltr'>ratum</span> <span class='ocrx_word' id='word_1_158' title='bbox 1352 2230 1399 2295; x_wconf 91' lang='lat' dir='ltr'>sic</span> 
     </span>
     <span class='ocr_line' id='line_1_20' title="bbox 225 2335 1399 2422; baseline 0.001 -21"><span class='ocrx_word' id='word_1_159' title='bbox 225 2337 393 2422; x_wconf 89' lang='lat' dir='ltr'>prohiberi</span> <span class='ocrx_word' id='word_1_160' title='bbox 426 2356 523 2422; x_wconf 90' lang='lat' dir='ltr'>posse</span> <span class='ocrx_word' id='word_1_161' title='bbox 561 2357 698 2418; x_wconf 72' lang='lat' dir='ltr'>«praem</span> <span class='ocrx_word' id='word_1_162' title='bbox 720 2338 857 2402; x_wconf 78' lang='lat' dir='ltr'>alioruin</span> <span class='ocrx_word' id='word_1_163' title='bbox 879 2357 967 2417; x_wconf 78' lang='lat' dir='ltr'>spes»</span> <span class='ocrx_word' id='word_1_164' title='bbox 1006 2342 1040 2401; x_wconf 92' lang='lat' dir='ltr'>et</span> <span class='ocrx_word' id='word_1_165' title='bbox 1071 2335 1173 2402; x_wconf 88' lang='lat' dir='ltr'>fisum</span> <span class='ocrx_word' id='word_1_166' title='bbox 1211 2339 1399 2404; x_wconf 78' lang='lat' dir='ltr'>«modestiae</span> 
     </span>
     <span class='ocr_line' id='line_1_21' title="bbox 226 2441 1398 2526; baseline -0.002 -18"><span class='ocrx_word' id='word_1_167' title='bbox 226 2444 398 2510; x_wconf 71' lang='lat' dir='ltr'>Neronis».</span> <span class='ocrx_word' id='word_1_168' title='bbox 447 2441 522 2519; x_wconf 80' lang='lat' dir='ltr'>Qua</span> <span class='ocrx_word' id='word_1_169' title='bbox 553 2462 631 2507; x_wconf 92' lang='lat' dir='ltr'>cum</span> <span class='ocrx_word' id='word_1_170' title='bbox 664 2442 828 2506; x_wconf 89' lang='lat' dir='ltr'>sententia</span> <span class='ocrx_word' id='word_1_171' title='bbox 851 2441 976 2526; x_wconf 89' lang='lat' dir='ltr'>optime</span> <span class='ocrx_word' id='word_1_172' title='bbox 993 2447 1184 2526; x_wconf 82' lang='lat' dir='ltr'>congrth</span> <span class='ocrx_word' id='word_1_173' title='bbox 1206 2442 1333 2508; x_wconf 88' lang='lat' dir='ltr'>litterae</span> <span class='ocrx_word' id='word_1_174' title='bbox 1355 2441 1398 2506; x_wconf 90' lang='lat' dir='ltr'>ab</span> 
     </span>
     <span class='ocr_line' id='line_1_22' title="bbox 226 2546 1406 2633; baseline -0.001 -20"><span class='ocrx_word' id='word_1_175' title='bbox 226 2547 381 2632; x_wconf 84' lang='lat' dir='ltr'>Angusto</span> <span class='ocrx_word' id='word_1_176' title='bbox 413 2548 562 2633; x_wconf 88' lang='lat' dir='ltr'>scriptae,</span> <span class='ocrx_word' id='word_1_177' title='bbox 597 2568 682 2632; x_wconf 91' lang='lat' dir='ltr'>quas</span> <span class='ocrx_word' id='word_1_178' title='bbox 712 2546 808 2612; x_wconf 87' lang='lat' dir='ltr'>affert</span> <span class='ocrx_word' id='word_1_179' title='bbox 841 2546 1020 2613; x_wconf 86' lang='lat' dir='ltr'>Suetonius</span> <span class='ocrx_word' id='word_1_180' title='bbox 1056 2548 1144 2632; x_wconf 84' lang='lat' dir='ltr'>Aug.</span> <span class='ocrx_word' id='word_1_181' title='bbox 1180 2549 1232 2613; x_wconf 82' lang='lat'>71.</span> <span class='ocrx_word' id='word_1_182' title='bbox 1264 2549 1316 2613; x_wconf 82' lang='grc'>76.</span> <span class='ocrx_word' id='word_1_183' title='bbox 1340 2548 1406 2625; x_wconf 80' lang='lat'>92;·</span> 
     </span>
     <span class='ocr_line' id='line_1_23' title="bbox 227 2652 1400 2738; baseline -0.001 -20"><span class='ocrx_word' id='word_1_184' title='bbox 227 2652 301 2719; x_wconf 87' lang='lat' dir='ltr'>Tib.</span> <span class='ocrx_word' id='word_1_185' title='bbox 326 2655 385 2732; x_wconf 83' lang='lat'>21;</span> <span class='ocrx_word' id='word_1_186' title='bbox 419 2652 535 2718; x_wconf 77' lang='lat' dir='ltr'>Claud.</span> <span class='ocrx_word' id='word_1_187' title='bbox 561 2653 591 2719; x_wconf 84' lang='lat'>4.</span> <span class='ocrx_word' id='word_1_188' title='bbox 638 2653 777 2718; x_wconf 88' lang='lat' dir='ltr'>Accedit</span> <span class='ocrx_word' id='word_1_189' title='bbox 807 2652 898 2738; x_wconf 92' lang='lat' dir='ltr'>quod</span> <span class='ocrx_word' id='word_1_190' title='bbox 929 2672 1039 2737; x_wconf 88' lang='lat' dir='ltr'>neque</span> <span class='ocrx_word' id='word_1_191' title='bbox 1060 2652 1124 2718; x_wconf 94' lang='lat' dir='ltr'>Dio</span> <span class='ocrx_word' id='word_1_192' title='bbox 1147 2653 1200 2732; x_wconf 80' lang='lat'>55,</span> <span class='ocrx_word' id='word_1_193' title='bbox 1227 2655 1400 2738; x_wconf 73' lang='lat' dir='ltr'>teneque</span> 
     </span>
     <span class='ocr_line' id='line_1_24' title="bbox 227 2757 1400 2844; baseline -0.002 -20"><span class='ocrx_word' id='word_1_194' title='bbox 227 2757 407 2825; x_wconf 88' lang='lat' dir='ltr'>Suetonius</span> <span class='ocrx_word' id='word_1_195' title='bbox 430 2758 517 2844; x_wconf 86' lang='lat' dir='ltr'>Aug.</span> <span class='ocrx_word' id='word_1_196' title='bbox 535 2759 592 2837; x_wconf 82' lang='lat'>65;</span> <span class='ocrx_word' id='word_1_197' title='bbox 617 2757 690 2824; x_wconf 91' lang='lat' dir='ltr'>Tib.</span> <span class='ocrx_word' id='word_1_198' title='bbox 710 2760 760 2840; x_wconf 79' lang='lat'>15,</span> <span class='ocrx_word' id='word_1_199' title='bbox 786 2759 843 2837; x_wconf 78' lang='lat'>21;</span> <span class='ocrx_word' id='word_1_200' title='bbox 875 2757 976 2843; x_wconf 86' lang='lat' dir='ltr'>Oalig.</span> <span class='ocrx_word' id='word_1_201' title='bbox 1001 2762 1024 2822; x_wconf 90' lang='grc'>4</span> <span class='ocrx_word' id='word_1_202' title='bbox 1047 2777 1067 2822; x_wconf 88' lang='lat' dir='ltr'>a</span> <span class='ocrx_word' id='word_1_203' title='bbox 1089 2757 1184 2826; x_wconf 86' lang='lat' dir='ltr'>Livia</span> <span class='ocrx_word' id='word_1_204' title='bbox 1206 2758 1400 2844; x_wconf 86' lang='lat' dir='ltr'>Augustum</span> 
     </span>
     <span class='ocr_line' id='line_1_25' title="bbox 227 2863 1400 2950; baseline 0.001 -21"><span class='ocrx_word' id='word_1_205' title='bbox 227 2871 435 2929; x_wconf 89' lang='lat' dir='ltr'>commotum</span> <span class='ocrx_word' id='word_1_206' title='bbox 450 2884 522 2929; x_wconf 90' lang='lat' dir='ltr'>esse</span> <span class='ocrx_word' id='word_1_207' title='bbox 536 2869 809 2941; x_wconf 79' lang='lat' dir='ltr'>commemorant</span> <span class='ocrx_word' id='word_1_208' title='bbox 830 2869 869 2928; x_wconf 92' lang='lat' dir='ltr'>ut</span> <span class='ocrx_word' id='word_1_209' title='bbox 883 2863 1054 2930; x_wconf 84' lang='lat' dir='ltr'>Tiberium</span> <span class='ocrx_word' id='word_1_210' title='bbox 1070 2863 1243 2950; x_wconf 87' lang='lat' dir='ltr'>adoptaret</span> <span class='ocrx_word' id='word_1_211' title='bbox 1251 2887 1259 2943; x_wconf 91' lang='lat'>;</span> <span class='ocrx_word' id='word_1_212' title='bbox 1283 2885 1400 2932; x_wconf 89' lang='lat' dir='ltr'>verum</span> 
     </span>
     <span class='ocr_line' id='line_1_26' title="bbox 228 2968 1400 3058; baseline -0.001 -23"><span class='ocrx_word' id='word_1_213' title='bbox 228 2991 289 3035; x_wconf 92' lang='lat' dir='ltr'>sua</span> <span class='ocrx_word' id='word_1_214' title='bbox 319 2976 437 3056; x_wconf 89' lang='lat' dir='ltr'>sponte</span> <span class='ocrx_word' id='word_1_215' title='bbox 466 2969 660 3058; x_wconf 84' lang='lat' dir='ltr'>Augustum</span> <span class='ocrx_word' id='word_1_216' title='bbox 686 2968 730 3034; x_wconf 92' lang='lat' dir='ltr'>id</span> <span class='ocrx_word' id='word_1_217' title='bbox 761 2969 877 3035; x_wconf 86' lang='lat' dir='ltr'>fecisse</span> <span class='ocrx_word' id='word_1_218' title='bbox 908 2969 1120 3055; x_wconf 84' lang='lat' dir='ltr'>cognoscitur</span> <span class='ocrx_word' id='word_1_219' title='bbox 1147 2991 1189 3036; x_wconf 85' lang='lat' dir='ltr'>ex</span> <span class='ocrx_word' id='word_1_220' title='bbox 1211 2970 1301 3036; x_wconf 90' lang='lat' dir='ltr'>Suet.</span> <span class='ocrx_word' id='word_1_221' title='bbox 1325 2971 1400 3036; x_wconf 90' lang='lat' dir='ltr'>Tib.</span> 
     </span>
     <span class='ocr_line' id='line_1_27' title="bbox 228 3074 1399 3163; baseline 0.002 -23"><span class='ocrx_word' id='word_1_222' title='bbox 228 3077 269 3140; x_wconf 74' lang='lat'>21</span> <span class='ocrx_word' id='word_1_223' title='bbox 295 3081 328 3141; x_wconf 89' lang='lat' dir='ltr'>et</span> <span class='ocrx_word' id='word_1_224' title='bbox 350 3074 452 3160; x_wconf 84' lang='lat' dir='ltr'>Oalig.</span> <span class='ocrx_word' id='word_1_225' title='bbox 477 3078 499 3140; x_wconf 87' lang='grc'>4</span> <span class='ocrx_word' id='word_1_226' title='bbox 522 3081 555 3140; x_wconf 90' lang='lat' dir='ltr'>et</span> <span class='ocrx_word' id='word_1_227' title='bbox 576 3076 753 3144; x_wconf 89' lang='lat' dir='ltr'>verisimile</span> <span class='ocrx_word' id='word_1_228' title='bbox 776 3082 835 3155; x_wconf 91' lang='lat' dir='ltr'>est,</span> <span class='ocrx_word' id='word_1_229' title='bbox 859 3076 1012 3162; x_wconf 84' lang='lat' dir='ltr'>quiores</span> <span class='ocrx_word' id='word_1_230' title='bbox 1035 3077 1200 3161; x_wconf 87' lang='lat' dir='ltr'>graviores</span> <span class='ocrx_word' id='word_1_231' title='bbox 1224 3075 1399 3163; x_wconf 85' lang='lat' dir='ltr'>Augustus</span> 
     </span>
     <span class='ocr_line' id='line_1_28' title="bbox 226 3180 1400 3267; baseline 0.003 -21"><span class='ocrx_word' id='word_1_232' title='bbox 226 3180 392 3246; x_wconf 60' lang='lat' dir='ltr'>nocebat</span> <span class='ocrx_word' id='word_1_233' title='bbox 415 3182 618 3260; x_wconf 89' lang='lat' dir='ltr'>cautissime;</span> <span class='ocrx_word' id='word_1_234' title='bbox 644 3181 684 3247; x_wconf 85' lang='lat' dir='ltr'>cf.</span> <span class='ocrx_word' id='word_1_235' title='bbox 698 3181 789 3249; x_wconf 85' lang='lat' dir='ltr'>Suet.</span> <span class='ocrx_word' id='word_1_236' title='bbox 803 3181 890 3267; x_wconf 86' lang='lat' dir='ltr'>Aug.</span> <span class='ocrx_word' id='word_1_237' title='bbox 906 3184 962 3247; x_wconf 81' lang='lat'>84:</span> <span class='ocrx_word' id='word_1_238' title='bbox 991 3203 1166 3248; x_wconf 76' lang='lat' dir='ltr'>«eumenes</span> <span class='ocrx_word' id='word_1_239' title='bbox 1189 3205 1309 3266; x_wconf 78' lang='lat' dir='ltr'>quoquc</span> <span class='ocrx_word' id='word_1_240' title='bbox 1330 3205 1400 3250; x_wconf 88' lang='lat' dir='ltr'>curu</span> 
     </span>
     <span class='ocr_line' id='line_1_29' title="bbox 226 3288 1402 3371; baseline 0.002 -19"><span class='ocrx_word' id='word_1_241' title='bbox 226 3288 362 3370; x_wconf 70' lang='lat' dir='ltr'>sinprdis</span> <span class='ocrx_word' id='word_1_242' title='bbox 384 3293 478 3370; x_wconf 78' lang='lat' dir='ltr'>atque</span> <span class='ocrx_word' id='word_1_243' title='bbox 500 3290 596 3353; x_wconf 85' lang='lat' dir='ltr'>etiarn</span> <span class='ocrx_word' id='word_1_244' title='bbox 619 3309 690 3352; x_wconf 86' lang='lat' dir='ltr'>curn</span> <span class='ocrx_word' id='word_1_245' title='bbox 711 3289 808 3352; x_wconf 84' lang='lat' dir='ltr'>Liuia</span> <span class='ocrx_word' id='word_1_246' title='bbox 830 3309 891 3353; x_wconf 89' lang='lat' dir='ltr'>sua</span> <span class='ocrx_word' id='word_1_247' title='bbox 910 3290 1074 3371; x_wconf 66' lang='lat' dir='ltr'>praviora</span> <span class='ocrx_word' id='word_1_248' title='bbox 1095 3311 1159 3354; x_wconf 87' lang='lat' dir='ltr'>nan</span> <span class='ocrx_word' id='word_1_249' title='bbox 1181 3291 1247 3353; x_wconf 69' lang='lat' dir='ltr'>nebi</span> <span class='ocrx_word' id='word_1_250' title='bbox 1268 3291 1402 3370; x_wconf 74' lang='lat' dir='ltr'>scriptos</span> 
     </span>
     <span class='ocr_line' id='line_1_30' title="bbox 225 3394 1398 3476; baseline 0.002 -18"><span class='ocrx_word' id='word_1_251' title='bbox 225 3399 256 3458; x_wconf 89' lang='lat' dir='ltr'>et</span> <span class='ocrx_word' id='word_1_252' title='bbox 287 3415 304 3458; x_wconf 91' lang='lat' dir='ltr'>e</span> <span class='ocrx_word' id='word_1_253' title='bbox 333 3394 434 3458; x_wconf 75' lang='lat' dir='ltr'>libello</span> <span class='ocrx_word' id='word_1_254' title='bbox 464 3394 603 3471; x_wconf 83' lang='lat' dir='ltr'>babebat,</span> <span class='ocrx_word' id='word_1_255' title='bbox 635 3415 674 3459; x_wconf 89' lang='lat' dir='ltr'>ne</span> <span class='ocrx_word' id='word_1_256' title='bbox 699 3395 777 3474; x_wconf 80' lang='lat' dir='ltr'>plus</span> <span class='ocrx_word' id='word_1_257' title='bbox 806 3395 1149 3475; x_wconf 80' lang='lat' dir='ltr'>ncinuscethucretur</span> <span class='ocrx_word' id='word_1_258' title='bbox 1172 3399 1398 3476; x_wconf 78' lang='lat' dir='ltr'>antecapere».</span> 
     </span>
     <span class='ocr_line' id='line_1_31' title="bbox 227 3497 1400 3582; baseline 0.003 -22"><span class='ocrx_word' id='word_1_259' title='bbox 227 3497 344 3582; x_wconf 90' lang='lat' dir='ltr'>Neque</span> <span class='ocrx_word' id='word_1_260' title='bbox 366 3498 421 3563; x_wconf 96' lang='grc'><strong>1110</strong></span> <span class='ocrx_word' id='word_1_261' title='bbox 444 3518 534 3563; x_wconf 91' lang='lat' dir='ltr'>unus</span> <span class='ocrx_word' id='word_1_262' title='bbox 561 3497 654 3563; x_wconf 91' lang='lat' dir='ltr'>locus</span> <span class='ocrx_word' id='word_1_263' title='bbox 677 3504 735 3576; x_wconf 90' lang='lat' dir='ltr'>est,</span> <span class='ocrx_word' id='word_1_264' title='bbox 760 3519 827 3582; x_wconf 91' lang='lat' dir='ltr'>quo</span> <span class='ocrx_word' id='word_1_265' title='bbox 843 3499 978 3563; x_wconf 84' lang='lat' dir='ltr'>Tacitus</span> <span class='ocrx_word' id='word_1_266' title='bbox 1001 3497 1133 3563; x_wconf 90' lang='lat' dir='ltr'>Tiberio</span> <span class='ocrx_word' id='word_1_267' title='bbox 1150 3498 1317 3578; x_wconf 91' lang='lat' dir='ltr'>obtrectet,</span> <span class='ocrx_word' id='word_1_268' title='bbox 1343 3499 1400 3564; x_wconf 92' lang='lat' dir='ltr'>sed</span> 
     </span>
    </p>
   </div>
   <div class='ocr_carea' id='block_1_3' title="bbox 227 3602 1403 4108">
    <p class='ocr_par' dir='ltr' id='par_1_3' title="bbox 227 3602 1403 4108">
     <span class='ocr_line' id='line_1_32' title="bbox 227 3602 1400 3690; baseline 0.003 -24"><span class='ocrx_word' id='word_1_269' title='bbox 227 3603 336 3668; x_wconf 88' lang='lat' dir='ltr'>multa</span> <span class='ocrx_word' id='word_1_270' title='bbox 357 3612 499 3688; x_wconf 93' lang='lat' dir='ltr'>possunt</span> <span class='ocrx_word' id='word_1_271' title='bbox 522 3603 631 3668; x_wconf 86' lang='lat' dir='ltr'>afferri</span> <span class='ocrx_word' id='word_1_272' title='bbox 650 3603 810 3688; x_wconf 84' lang='lat' dir='ltr'>exempla,</span> <span class='ocrx_word' id='word_1_273' title='bbox 834 3603 958 3687; x_wconf 92' lang='lat' dir='ltr'>quibus</span> <span class='ocrx_word' id='word_1_274' title='bbox 980 3603 1017 3668; x_wconf 92' lang='lat' dir='ltr'>id</span> <span class='ocrx_word' id='word_1_275' title='bbox 1038 3602 1242 3668; x_wconf 83' lang='lat' dir='ltr'>ostendatur.</span> <span class='ocrx_word' id='word_1_276' title='bbox 1275 3605 1400 3690; x_wconf 78' lang='lat' dir='ltr'>ltaque,</span> 
     </span>
     <span class='ocr_line' id='line_1_33' title="bbox 228 3708 1400 3794; baseline 0.003 -22"><span class='ocrx_word' id='word_1_277' title='bbox 228 3713 268 3772; x_wconf 90' lang='lat' dir='ltr'>ut</span> <span class='ocrx_word' id='word_1_278' title='bbox 300 3708 398 3794; x_wconf 89' lang='lat' dir='ltr'>plura</span> <span class='ocrx_word' id='word_1_279' title='bbox 430 3730 501 3774; x_wconf 90' lang='lat' dir='ltr'>non</span> <span class='ocrx_word' id='word_1_280' title='bbox 538 3708 657 3789; x_wconf 88' lang='lat' dir='ltr'>dicam,</span> <span class='ocrx_word' id='word_1_281' title='bbox 692 3728 760 3793; x_wconf 92' lang='lat' dir='ltr'>quo</span> <span class='ocrx_word' id='word_1_282' title='bbox 797 3708 898 3774; x_wconf 90' lang='lat' dir='ltr'>modo</span> <span class='ocrx_word' id='word_1_283' title='bbox 932 3728 1019 3793; x_wconf 87' lang='lat' dir='ltr'>quae</span> <span class='ocrx_word' id='word_1_284' title='bbox 1052 3710 1135 3774; x_wconf 87' lang='lat' dir='ltr'>ratio</span> <span class='ocrx_word' id='word_1_285' title='bbox 1159 3709 1292 3776; x_wconf 88' lang='lat' dir='ltr'>Tiberio</span> <span class='ocrx_word' id='word_1_286' title='bbox 1323 3732 1400 3776; x_wconf 88' lang='lat' dir='ltr'>oum</span> 
     </span>
     <span class='ocr_line' id='line_1_34' title="bbox 229 3813 1402 3900; baseline 0.003 -23"><span class='ocrx_word' id='word_1_287' title='bbox 229 3813 383 3898; x_wconf 85' lang='lat' dir='ltr'>Augusto</span> <span class='ocrx_word' id='word_1_288' title='bbox 406 3815 619 3893; x_wconf 86' lang='lat' dir='ltr'>interfuisset,</span> <span class='ocrx_word' id='word_1_289' title='bbox 644 3815 851 3900; x_wconf 87' lang='lat' dir='ltr'>descripserit</span> <span class='ocrx_word' id='word_1_290' title='bbox 873 3837 950 3882; x_wconf 85' lang='lat' dir='ltr'>ann.</span> <span class='ocrx_word' id='word_1_291' title='bbox 975 3815 1000 3894; x_wconf 92' lang='lat' dir='ltr'>I,</span> <span class='ocrx_word' id='word_1_292' title='bbox 1028 3817 1079 3896; x_wconf 90' lang='lat'>10,</span> <span class='ocrx_word' id='word_1_293' title='bbox 1105 3817 1300 3882; x_wconf 84' lang='lat' dir='ltr'>consideres.</span> <span class='ocrx_word' id='word_1_294' title='bbox 1327 3816 1402 3891; x_wconf 84' lang='lat' dir='ltr'>Quo</span> 
     </span>
     <span class='ocr_line' id='line_1_35' title="bbox 228 3918 1403 4006; baseline 0.003 -23"><span class='ocrx_word' id='word_1_295' title='bbox 228 3918 300 3984; x_wconf 90' lang='lat' dir='ltr'>loco</span> <span class='ocrx_word' id='word_1_296' title='bbox 317 3938 395 3983; x_wconf 91' lang='lat' dir='ltr'>cum</span> <span class='ocrx_word' id='word_1_297' title='bbox 406 3919 559 3986; x_wconf 88' lang='lat' dir='ltr'>homines</span> <span class='ocrx_word' id='word_1_298' title='bbox 576 3920 772 3986; x_wconf 86' lang='lat' dir='ltr'>disserentes</span> <span class='ocrx_word' id='word_1_299' title='bbox 788 3921 889 3986; x_wconf 83' lang='lat' dir='ltr'>faciat</span> <span class='ocrx_word' id='word_1_300' title='bbox 904 3941 994 3986; x_wconf 89' lang='lat' dir='ltr'>anno</span> <span class='ocrx_word' id='word_1_301' title='bbox 1012 3925 1054 3986; x_wconf 83' lang='lat'>14</span> <span class='ocrx_word' id='word_1_302' title='bbox 1076 3942 1108 4006; x_wconf 75' lang='lat' dir='ltr'>p,</span> <span class='ocrx_word' id='word_1_303' title='bbox 1126 3921 1203 3987; x_wconf 84' lang='lat' dir='ltr'>Chr.</span> <span class='ocrx_word' id='word_1_304' title='bbox 1220 3943 1253 3990; x_wconf 89' lang='grc'>11,</span> <span class='ocrx_word' id='word_1_305' title='bbox 1278 3922 1338 3986; x_wconf 91' lang='lat' dir='ltr'>sic:</span> <span class='ocrx_word' id='word_1_306' title='bbox 1363 3943 1403 3986; x_wconf 93' lang='lat' dir='ltr'>ne</span> 
     </span>
     <span class='ocr_line' id='line_1_36' title="bbox 232 4025 1401 4108; baseline 0.002 -19"><span class='ocrx_word' id='word_1_307' title='bbox 232 4025 395 4090; x_wconf 79' lang='lat' dir='ltr'>Tiberium</span> <span class='ocrx_word' id='word_1_308' title='bbox 426 4028 552 4108; x_wconf 78' lang='lat' dir='ltr'>quietern</span> <span class='ocrx_word' id='word_1_309' title='bbox 583 4029 716 4092; x_wconf 86' lang='lat' dir='ltr'>caritate</span> <span class='ocrx_word' id='word_1_310' title='bbox 739 4034 796 4092; x_wconf 92' lang='lat' dir='ltr'>aut</span> <span class='ocrx_word' id='word_1_311' title='bbox 829 4030 878 4092; x_wconf 83' lang='lat' dir='ltr'>rei</span> <span class='ocrx_word' id='word_1_312' title='bbox 903 4029 1053 4108; x_wconf 82' lang='lat' dir='ltr'>publicae</span> <span class='ocrx_word' id='word_1_313' title='bbox 1087 4048 1166 4092; x_wconf 87' lang='lat' dir='ltr'>cura</span> <span class='ocrx_word' id='word_1_314' title='bbox 1196 4048 1401 4094; x_wconf 83' lang='lat' dir='ltr'>successorem</span> 
     </span>
    </p>
   </div>
   <div class='ocr_carea' id='block_1_4' title="bbox 226 4132 1402 4322">
    <p class='ocr_par' dir='ltr' id='par_1_4' title="bbox 226 4132 1402 4322">
     <span class='ocr_line' id='line_1_37' title="bbox 228 4132 1402 4215; baseline 0.002 -19"><span class='ocrx_word' id='word_1_315' title='bbox 228 4132 400 4211; x_wconf 75' lang='grc' dir='ltr'>0110011100,Ι</span> <span class='ocrx_word' id='word_1_316' title='bbox 441 4133 497 4196; x_wconf 82' lang='lat' dir='ltr'>sed</span> <span class='ocrx_word' id='word_1_317' title='bbox 530 4135 678 4212; x_wconf 80' lang='lat' dir='ltr'>quoniam</span> <span class='ocrx_word' id='word_1_318' title='bbox 707 4134 930 4215; x_wconf 73' lang='lat' dir='ltr'>adrepentiarn</span> <span class='ocrx_word' id='word_1_319' title='bbox 961 4133 1186 4214; x_wconf 76' lang='lat' dir='ltr'>saevitiamque</span> <span class='ocrx_word' id='word_1_320' title='bbox 1213 4134 1281 4198; x_wconf 91' lang='lat' dir='ltr'>eius</span> <span class='ocrx_word' id='word_1_321' title='bbox 1303 4133 1402 4200; x_wconf 88' lang='lat' dir='ltr'>intro·</span> 
     </span>
     <span class='ocr_line' id='line_1_38' title="bbox 226 4238 1402 4322; baseline 0.004 -22"><span class='ocrx_word' id='word_1_322' title='bbox 226 4238 376 4317; x_wconf 75' lang='lat' dir='ltr'>sperarit,</span> <span class='ocrx_word' id='word_1_323' title='bbox 401 4240 633 4318; x_wconf 79' lang='lat' dir='ltr'>conparatione</span> <span class='ocrx_word' id='word_1_324' title='bbox 648 4239 820 4304; x_wconf 85' lang='lat' dir='ltr'>deterrima</span> <span class='ocrx_word' id='word_1_325' title='bbox 838 4239 900 4304; x_wconf 87' lang='lat' dir='ltr'>sibi</span> <span class='ocrx_word' id='word_1_326' title='bbox 912 4239 1049 4322; x_wconf 76' lang='lat' dir='ltr'>pieriam</span> <span class='ocrx_word' id='word_1_327' title='bbox 1072 4241 1293 4321; x_wconf 69' lang='lat' dir='ltr'>peccavisse»,</span> <span class='ocrx_word' id='word_1_328' title='bbox 1310 4239 1402 4305; x_wconf 92' lang='lat' dir='ltr'>hunc</span> 
     </span>
    </p>
   </div>
   <div class='ocr_carea' id='block_1_5' title="bbox 0 0 1644 4918">
    <p class='ocr_par' dir='ltr' id='par_1_5' title="bbox 0 0 1644 4918">
     <span class='ocr_line' id='line_1_39' title="bbox 0 0 1644 4918; baseline 0 0"><span class='ocrx_word' id='word_1_329' title='bbox 0 0 1644 4918; x_wconf 95' lang='lat' dir='ltr'> </span> 
     </span>
    </p>
   </div>
  </div>
 </body>
</html>
