3266 4918
737 229 959 292 ,16-

179 404 181 410 ’
260 441 332 486 cura
347 423 449 504 siquis
458 423 636 502 perductus
654 420 840 498 exercitus»,
858 425 891 484 et
905 440 926 484 a
940 419 1056 484 Tacito
1072 417 1226 485 dissentit
1240 425 1273 485 et
1288 421 1433 502 aDione,

259 546 402 612 quorum
418 531 558 611 uterque
569 524 742 592 Tiberium
756 546 825 590 non
840 525 988 611 primum
1003 525 1048 591 ad
1063 525 1177 590 Albim
1196 526 1228 591 fl.
1245 531 1434 612 penetrasse

257 638 373 702 auctor
395 637 458 709 est;
505 653 586 697 nam
610 632 674 697 Dio
696 621 787 696 atino
811 635 831 698 9
855 651 885 696 a.
909 631 986 696 Ghr.
1012 653 1046 696 n.
1070 631 1221 698 Drusum
1254 653 1363 718 usque
1390 631 1435 696 ad

257 736 373 804 Albim
408 758 621 824 progressum
657 757 729 803 esse
764 736 867 802 tradit
896 738 952 816 55,
979 739 1007 817 1,
1040 742 1180 822 uterque
1210 743 1323 803 autem
1356 743 1434 803 ante

257 864 388 908 annum
409 843 557 928 primum
579 864 612 929 p.
630 841 706 908 Ghr.
724 864 756 907 n.
774 843 812 908 L.
833 842 1021 908 Domitium
1043 864 1114 908 non
1136 843 1237 909 modo
1260 843 1304 908 ad
1319 843 1434 908 Albim

257 949 454 1035 processisse
476 948 534 1014 sed
557 947 658 1013 etiam
680 969 759 1014 eum
781 953 1026 1034 transgressum
1049 969 1120 1014 esse
1141 948 1267 1029 reddit;
1291 950 1333 1016 cf.
1355 950 1432 1015 Tac.

257 1076 336 1121 ann.
361 1055 420 1134 IV,
445 1056 503 1133 44;
527 1054 592 1119 Dio
614 1055 667 1134 55,
694 1055 777 1120 roa.
824 1055 913 1120 Tum
941 1061 973 1120 et
1001 1075 1021 1118 a
1043 1054 1202 1121 Suetonio
1230 1060 1263 1120 et
1284 1075 1305 1120 a
1327 1055 1435 1120 Dione

259 1159 444 1246 discrepare
466 1159 599 1228 videtur
620 1159 768 1226 Velleius
792 1160 911 1239 verbis,
935 1180 1021 1245 quae
1044 1160 1123 1225 facit
1149 1162 1221 1240 106,
1239 1163 1274 1225 3:
1302 1162 1432 1226 «5155515

259 1289 340 1351 quae
356 1267 474 1333 Oceani
492 1269 815 1351 arcumuartpuverat
829 1271 929 1347 sirus,
950 1269 989 1333 ab
1004 1269 1151 1335 inuadite
1168 1275 1260 1352 atque
1276 1267 1432 1350 incognito

259 1379 333 1438 aute
366 1375 452 1438 raarr'
476 1375 611 1452 flumine
633 1374 710 1438 Atta·
735 1374 881 1440 subvecta
906 1428 913 1441 .
939 1426 946 1439 .
972 1424 979 1437 .
1004 1376 1156 1442 erercr'tur'
1179 1375 1369 1456 Caesarique
1399 1393 1432 1437 se

258 1480 397 1544 iuuerit».
445 1479 533 1543 Nam
561 1498 653 1542 mare
675 1478 931 1565 septentrionale
953 1499 1022 1544 non
1045 1479 1254 1564 incognitum
1269 1477 1432 1543 Romanis

260 1583 365 1650 fuisse
387 1589 486 1648 testes
511 1589 591 1648 sunt
613 1583 792 1650 Suetonius
815 1589 848 1649 et
862 1584 936 1663 Dio,
961 1605 1104 1668 quorum
1128 1591 1267 1670 uterque
1282 1584 1433 1649 Drusum

259 1711 349 1755 anno
368 1691 408 1754 12
427 1711 455 1754 a.
480 1688 556 1754 Ghr.
578 1711 611 1754 n.
631 1690 697 1755 hoc
717 1711 808 1755 mare
828 1691 1004 1776 navigasse
1019 1689 1136 1769 tradit;
1160 1690 1431 1769 51.1)1554,32;

260 1795 350 1861 Suet.
375 1794 492 1860 Claud.
519 1797 547 1860 1.
602 1795 674 1880 Age
705 1795 952 1861 consideremus
983 1795 1066 1880 quid
1098 1795 1141 1861 de
1173 1795 1226 1860 his
1257 1795 1358 1861 rebus
1391 1795 1434 1860 sit

260 1899 530 1966 existimandum.

349 2006 461 2092 Atque
495 2006 676 2072 ‘Tiberium
723 2012 847 2073 aestate
892 2009 974 2072 anni
1018 2008 1041 2072 4
1085 2007 1256 2092 Visurgim
1305 2007 1432 2072 flumen

260 2120 503 2198 transgressum
538 2133 609 2178 esse
643 2114 819 2180 verisimile
857 2119 915 2193 est,
953 2135 1031 2178 cum
1065 2113 1175 2178 hieme
1209 2134 1238 2178 a.
1268 2113 1358 2178 4-5
1385 2111 1431 2178 hi·

261 2221 365 2286 berna
395 2220 511 2285 locarit
547 2222 610 2285 «ad
639 2227 734 2302 caput
759 2222 886 2302 Lupiae
905 2221 1070 2300 flammis»
1108 2219 1204 2305 (Vell.
1221 2220 1264 2297 ΙΙ,
1291 2220 1364 2296 105,
1390 2215 1431 2303 3).

261 2325 328 2391 Sed
357 2325 422 2390 hoc
455 2324 585 2392 levioris
614 2326 778 2390 momenti
801 2330 863 2391 est:
898 2326 1054 2392 universa
1081 2325 1256 2412 descriptio
1278 2343 1391 2389 rerum
1408 2341 1435 2386 a

261 2431 393 2496 Tiberio
421 2431 519 2495 annis
541 2431 630 2496 4-5
663 2430 700 2495 in
728 2430 908 2496 Germania
939 2437 1123 2516 gestarum,
1156 2451 1258 2516 quam
1286 2428 1435 2495 Velleius

261 2538 415 2616 instituit,
439 2536 654 2624 praeferenda
676 2543 726 2602 est
748 2537 865 2603 Dionis
888 2537 1079 2602 narrationi.
1134 2537 1222 2601 Nam
1244 2535 1343 2614 illiue,
1376 2535 1436 2620 qui

262 2649 427 2729 quantum
451 2642 603 2708 Tiberius
624 2643 799 2729 profecerit
820 2650 853 2708 et
874 2648 1081 2728 quantopere
1100 2635 1344 2707 Germanorum
1368 2639 1434 2705 ani·

262 2769 335 2814 mos
357 2749 564 2835 percusserit,
595 2755 709 2814 narrat
734 2751 917 2828 roo—107,
943 2748 1119 2834 descriptio
1146 2746 1245 2816 variis
1275 2745 1437 2832 probatur

236 2940 239 2946 ι
260 2853 481 2939 argumentis;
506 2855 608 2920 huius
630 2855 744 2921 verba:
774 2852 828 2920 ‹ol›
850 2859 950 2940 μέντοι
965 2857 1019 2918 καὶ
1035 2853 1305 2939 ἀξιομνημόνευτόν
1320 2874 1348 2916 τι
1369 2857 1435 2919 τότε

262 2983 297 3042 γε
313 2959 483 3046 ἐπράχθη»
509 2980 580 3024 555
594 2959 808 3025 consentiunt
822 2981 901 3026 cum
916 2960 1023 3025 rebus.
1066 2959 1155 3024 Nam
1174 2959 1333 3024 Germani
1346 2977 1436 3022 anno

261 3066 346 3131 5115
369 3071 463 3131 erant
485 3066 604 3151 pacati,
628 3072 667 3131 ut
684 3086 801 3152 paoem
819 3086 839 3130 a
854 3065 1016 3131 Romanis
1037 3070 1187 3151 peterent
1209 3063 1353 3150 (111555,
1371 3061 1434 3149 28).

263 3171 438 3256 Augustus
454 3176 568 3236 autem
578 3178 713 3258 propter
726 3192 778 3236 res
793 3171 829 3236 in
842 3170 1021 3236 Germania
1032 3176 1142 3256 gestas
1154 3170 1295 3236 summis
1306 3158 1436 3234 honori-

265 3276 329 3342 bus
352 3276 446 3342 auxit
469 3282 502 3342 et
525 3297 560 3341 se
584 3270 617 3342 et
632 3276 803 3342 Tiberium
819 3281 852 3342 et
868 3276 1021 3342 Sentium
1045 3276 1266 3342 Saturninum
1288 3275 1436 3360 legatum

266 3379 432 3468 (Dicit).
463 3383 636 3449 Praeterea
651 3382 810 3449 Germani
832 3388 908 3469 post
930 3383 1056 3448 bellum
1073 3382 1170 3446 annis
1193 3381 1281 3446 4—5
1304 3386 1436 3464 gestum

261 3486 432 3554 Tiberium
449 3509 621 3555 summum
639 3509 710 3555 esse
725 3488 846 3554 ducem
861 3488 1044 3574 putabant;
1069 3487 1161 3573 quod
1176 3485 1379 3570 intellegitur
1394 3504 1437 3549 ex

261 3593 399 3673 ratione,
423 3615 491 3679 qua
506 3595 642 3660 Tacitus
665 3615 744 3659 ann.
760 3595 803 3674 H,
827 3598 871 3660 46
883 3593 1131 3659 Maroboduum
1150 3592 1342 3678 loquentem
1357 3592 1438 3657 facit

263 3698 304 3764 de
315 3698 460 3765 Tiberio:
489 3721 540 3766 «se
562 3701 643 3784 (scit.
657 3701 909 3784 Maroboduum)
932 3702 1095 3766 duodecim
1118 3700 1290 3783 lepioar'bus
1298 3700 1436 3779 petitura

263 3805 340 3869 duee
366 3805 490 3870 Tiberio
511 3807 686 3875 tolutatura
709 3807 943 3874 Germanorum
964 3808 1100 3891 purtem
1122 3807 1328 3872 curavisse».
1374 3803 1436 3868 Ne

261 3928 329 3993 que
359 3907 416 3972 illa
439 3908 556 3976 Dionis
585 3911 687 3978 verba
713 3911 861 3998 intellegi
882 3907 1024 3998 possunt
1053 3912 1119 3978 nisi
1145 3912 1201 3989 ita,
1236 3915 1276 3974 ut
1299 3908 1437 3994 scriptor

263 4014 387 4082 Tiberii
408 4036 460 4081 res
481 4021 592 4103 gestas
614 4037 683 4082 non
707 4016 826 4103 dignas
849 4039 921 4084 esse
944 4017 1117 4097 censuerit,
1149 4035 1235 4102 quae
1257 4014 1437 4079 memoriae

262 4121 489 4208 proderentur,
526 4124 609 4208 quia
639 4144 748 4189 unum
779 4124 880 4191 modo
906 4124 1069 4211 proelium
1092 4125 1121 4190 is
1143 4119 1318 4188 commisit.
1370 4117 1437 4184 Sed

263 4229 328 4300 hac
349 4230 423 4316 ipsa
446 4250 488 4296 ex
508 4251 545 4296 re
560 4230 666 4298 virtus
685 4231 896 4317 cognoscitur
910 4231 1034 4297 Tiberii
1049 4229 1160 4310 ducis;
1195 4225 1320 4294 etenim
1335 4224 1436 4290 semel
