3266 4918
725 213 923 277 ..g-

239 412 371 472 ccnstat
394 403 482 492 (Tac.
506 426 585 472 ann.
610 405 670 486 VI,
698 407 755 486 153
783 406 924 485 Dicae,
949 403 1018 491 27),
1051 405 1152 471 libros
1181 406 1311 472 misisse
1334 423 1409 470 con·

240 513 378 599 scriptos
401 511 563 578 adulandi
586 532 697 577 causa.

250 659 253 667 ι
327 617 496 696 Quoniam
518 619 701 704 generatim
717 623 818 702 atque
832 618 986 684 universe
1002 617 1044 682 de
1058 617 1166 684 Vellei
1182 618 1250 684 vita
1265 623 1298 683 et
1313 637 1409 702 opere

238 723 339 790 verba
361 723 511 802 fecimus
545 743 637 788 nunc
659 743 747 808 quae
769 723 909 808 scriptor
930 724 1110 788 memoriae
1131 721 1322 808 prodiderit,
1346 723 1409 788 sin-

237 828 378 914 gillatim
410 829 668 895 consideremus.
715 828 785 894 Nee
807 849 885 895 vero
907 849 945 894 ea
968 829 1142 894 tractanda
1165 850 1236 894 csse
1258 829 1343 893 mihi
1364 829 1422 895 vi.

238 933 368 1015 dentur,
385 956 472 1020 quae
487 935 645 1020 leguntur
667 955 775 1020 usque
797 935 841 1000 ad
864 935 910 1014 II,
936 937 1009 1014 100,
1034 936 1158 1022 quippe
1180 955 1267 1020 quae
1288 935 1409 1020 raptim

237 1060 280 1105 ex
301 1041 444 1106 aliorum
465 1040 558 1106 libris
580 1042 649 1106 sint
671 1041 866 1128 conscripta.
914 1040 1008 1118 Quae
1034 1040 1114 1106 inde
1136 1062 1156 1106 a
1178 1041 1221 1118 Π,
1248 1042 1310 1106 101
1334 1040 1410 1107 Vel·

236 1146 320 1212 leius
352 1151 474 1226 narrat,
505 1165 543 1211 ea
565 1153 765 1232 perscruter;
800 1167 947 1231 namque
977 1167 1091 1222 rerum¹
1117 1167 1201 1232 quas
1223 1147 1277 1212 his
1300 1146 1410 1232 capiti·

236 1251 301 1317 bus
335 1251 456 1330 reddit,
489 1252 561 1338 ipse
592 1252 657 1318 fuit
689 1253 846 1337 aequalis.
899 1251 1000 1318 Unde
1031 1253 1259 1318 aestimandus
1292 1258 1342 1318 est
1371 1259 1409 1317 ut

236 1379 347 1423 rerum
382 1357 529 1443 scriptor,
569 1357 661 1424 unde
695 1358 979 1444 cognoscendum,
1015 1379 1102 1443 quae
1130 1358 1161 1424 ei
1188 1358 1345 1424 habenda
1367 1358 1410 1423 sit

236 1461 328 1528 fides.
375 1463 549 1528 Materiam
572 1484 650 1531 vero
676 1465 724 1530 ita
746 1463 931 1550 disponam,
956 1470 996 1530 ut
1021 1465 1168 1550 primum
1191 1465 1228 1529 in
1250 1484 1298 1544 ea,
1323 1483 1409 1550 quae

237 1568 280 1634 de
310 1568 442 1634 Tiberio
480 1570 618 1656 scriptor
659 1571 837 1636 memoriae
872 1570 1032 1656 prodidit,
1069 1571 1254 1656 inquiram,
1289 1569 1409 1635 deinde

237 1675 435 1755 examinem,
467 1695 554 1760 quae
585 1675 627 1741 de
657 1676 852 1742 hominibus
883 1677 1015 1743 Tiberio
1047 1677 1190 1745 vinculis
1224 1683 1258 1742 et
1279 1676 1408 1763 propin-

236 1775 373 1866 quitatis
406 1787 439 1846 et
471 1780 643 1846 affinitatis
675 1783 861 1848 coniunctis
895 1783 1060 1862 narravit,
1095 1789 1188 1862 tum,
1222 1781 1305 1868 quid
1341 1801 1409 1867 quo

239 1887 343 1953 modo
364 1887 406 1953 de
428 1887 501 1952 aliis
524 1888 603 1954 viris
626 1889 943 1968 commemoraverit,
968 1885 1136 1974 quaeram.

325 1991 379 2058 Ex
400 1992 511 2072 viris,
535 1993 595 2078 qui
609 1994 674 2059 hac
695 1994 733 2058 in
755 1995 894 2059 materia
915 1993 1089 2059 tractanda
1111 1993 1259 2059 laborem
1282 1998 1315 2058 et
1336 2012 1409 2079 ope·

235 2119 308 2162 ram
343 2107 632 2185 consumpserunt,
671 2099 871 2164 nominandi
894 2103 973 2165 sunt
1004 2100 1051 2179 ii,
1075 2119 1247 2184 quorum
1280 2097 1409 2164 libros

236 2203 405 2290 perlegi:
423 2201 672 2289 Morgenstern⁷
688 2201 808 2290 (1800),
830 2204 964 2291 Sauppe
979 2202 1100 2291 (1837),
1126 2205 1264 2270 Pernice
1288 2202 1408 2291 (1862),
1519 2275 1522 2281 ,

236 2309 377 2395 Stanger
392 2306 512 2395 (1862),
534 2310 646 2376 Goeke
661 2308 781 2396 (1876),
798 2310 973 2376 Abraham
986 2308 1106 2396 (1881)),
1123 2310 1274 2396 Helbing
1287 2308 1407 2397 (1888).

237 2414 305 2493 Qui
332 2415 414 2501 quid
438 2415 479 2482 de
501 2415 610 2482 Vellei
632 2416 699 2482 fide
714 2415 985 2497 existimaverint,
1010 2416 1153 2485 breviter
1167 2417 1265 2483 liceat
1279 2417 1407 2482 referre.

236 2520 348 2606 Atque
381 2521 610 2606 Morgenstem
646 2542 723 2587 eum
754 2542 896 2608 purgare
931 2521 1061 2588 studuit
1092 2521 1133 2588 de
1164 2521 1356 2588 adulatione
1379 2522 1409 2587 ei

236 2624 372 2691 obieeta.
419 2629 537 2713 Itaque
559 2648 646 2712 quae
676 2626 826 2693 Velleius
857 2633 980 2708 narrat,
1016 2628 1221 2713 comparavit
1249 2649 1328 2693 cum
1356 2628 1406 2708 iis,

237 2749 324 2814 quae
339 2730 527 2811 Suetonius,
546 2733 691 2813 Tacitus,
707 2732 772 2798 Dic
786 2734 966 2799 memoriae
980 2733 1209 2820 prodiderunt.
1255 2734 1409 2812 Quorum

237 2835 278 2900 de
311 2836 377 2902 fide
409 2858 488 2903 cum
521 2837 674 2904 dubitare
708 2861 778 2904 non
805 2838 942 2906 auderet
964 2837 1008 2926 (p.
1034 2837 1230 2925 132-134),
1255 2839 1297 2906 (11
1318 2839 1408 2906 illius

236 2941 438 3010 existimavit
469 2944 529 3010 sic:
567 2947 622 3011 (11(
653 2968 686 3012 eo
709 2947 792 3029 qaod
808 2949 1009 3028 primariam
1032 2954 1087 3026 est,
1110 2949 1146 3012 ia
1172 2947 1409 3013 reseraretur

235 3049 324 3114 laad
352 3050 457 3130 falsas
480 3057 556 3130 est»,
584 3054 707 3133 ruperti
724 3053 883 3118 mendacii
906 3054 1047 3118 convinci
1061 3053 1200 3135 aequit»,
1229 3073 1304 3133 «per
1329 3055 1408 3118 ada-

235 3154 388 3237 latr'oaem,
411 3158 575 3237 permulta
609 3165 666 3223 aut
698 3157 776 3224 celat
812 3165 869 3224 cat
900 3159 1000 3224 velat»
1036 3156 1078 3244 (p.
1111 3155 1195 3243 130).
1251 3157 1409 3223 Defendit

235 3265 349 3324 autem
366 3259 593 3328 adulationem
609 3263 822 3330 excusatione
841 3265 995 3330 «11111111
1010 3267 1202 3346 scriptoram
1218 3265 1409 3330 condicionis

234 3367 293 3430 sad
329 3369 471 3434 Tiberio»
510 3374 543 3433 et
586 3371 779 3454 ‹siapalaris
811 3391 848 3436 ac
876 3372 1008 3452 proprii
1044 3369 1141 3436 Vellei
1171 3377 1305 3436 statas».
1362 3368 1410 3435 Ut

234 3471 465 3557 Morgenstern
487 3473 654 3540 Velleium
683 3475 790 3560 magis
812 3481 852 3539 ut
873 3475 1045 3540 hominem
1067 3475 1224 3562 purgavit
1245 3496 1347 3561 quam
1370 3481 1410 3540 ut

233 3597 345 3642 rerum
369 3579 570 3665 scriptorem,
594 3581 642 3645 ita
664 3581 766 3646 etiam
789 3580 931 3667 Sauppe.
969 3580 1036 3658 Qui
1050 3581 1156 3646 nimia
1178 3582 1214 3646 in
1237 3580 1409 3646 Tiberium

235 3682 446 3750 observantia
479 3705 557 3751 eum
600 3685 740 3751 ductum
778 3707 849 3752 esse
881 3686 945 3752 sibi
979 3686 1144 3773 persuasit
1174 3708 1284 3773 neque
1317 3685 1408 3752 aliud

234 3788 421 3875 quidquam
443 3791 657 3877 probandum
680 3791 745 3857 sibi
765 3793 938 3879 proposuit
961 3793 1027 3858 nisi
1049 3813 1128 3858 eum
1157 3815 1228 3860 non
1257 3792 1409 3859 consulto

234 3894 410 3962 adulatum
434 3917 505 3962 esse
528 3894 571 3982 (p.
590 3895 674 3983 180).
721 3895 920 3962 Accuratam
944 3904 1058 3964 autem
1081 3904 1257 3964 auctemm
1280 3917 1408 3984 compa·

234 4001 398 4066 rationem
420 4003 548 4089 primus
571 4003 716 4070 instituit
737 4003 887 4082 Pemice;
921 4004 982 4088 qui
1009 4023 1094 4088 quas
1118 4002 1266 4069 Velleius
1296 4009 1408 4068 narrat

234 4127 286 4172 res
323 4107 472 4192 singulas
500 4108 720 4186 examinavit3
757 4107 813 4174 sed
846 4108 998 4192 generale
1027 4128 1098 4172 non
1132 4107 1210 4172 fecit
1235 4107 1406 4183 iudicium,

234 4211 300 4276 nisi
322 4211 415 4296 quod
436 4234 468 4299 p.
485 4213 530 4277 44
552 4213 683 4299 scripsit
708 4235 796 4279 «eam
814 4214 935 4279 Tiberii
951 4235 1133 4295 personam,
1158 4235 1253 4295 quem
1275 4212 1408 4279 Velleius
