3266 4918
724 163 943 226 ...24-

247 361 342 444 parte
364 356 466 422 fidem
490 354 669 422 habuerint
690 355 740 435 iis,
772 356 831 440 qui
853 355 1024 420 Tiberium
1053 353 1096 420 ab
1119 353 1273 440 Augusto
1296 374 1419 420 succes-

248 483 355 528 sorem
389 461 593 527 destinatum
626 481 697 527 esse
731 459 897 541 dicebant,
922 465 969 540 ut,
1000 481 1077 526 cum
1100 459 1156 526 illc
1179 481 1297 528 saevus
1320 465 1421 545 atquc

247 588 407 654 arrogans
441 572 535 648 esset,
569 567 764 632 hominibus
797 588 900 652 quam
929 566 1116 632 maximum
1144 566 1197 632 sui
1220 565 1419 632 desiderium

247 674 390 739 iniceret.
424 675 496 760 Age
519 693 719 759 quaeramus
734 673 823 738 hanc
845 672 1085 738 dissensionem
1102 671 1210 757 qualis
1226 671 1277 737 sit.
1309 670 1420 758 Atque

247 785 286 843 ut
309 779 463 847 Tacitum
485 781 533 846 ita
556 779 708 857 Dionem,
733 779 792 864 qui
818 781 995 846 rcouuuui
1010 799 1104 861 eoque
1118 801 1181 844 uuo
1205 779 1419 844 tautummodo

244 888 348 968 forte»
387 885 451 950 hoc
485 886 557 952 loco
592 885 644 950 usi
668 890 747 950 sunt
776 881 827 971 (cf.
852 882 1143 969 Froiuheim11p.
1169 880 1232 968 30),
1270 903 1419 948 rumores

246 990 430 1056 reddidisse
446 991 546 1057 falsos
563 991 643 1059 satis
659 990 803 1056 ostendit
826 990 1014 1069 Suetonius,
1032 989 1091 1075 qui
1113 989 1239 1054 litteras
1262 989 1358 1055 affert
1376 989 1419 1054 ab

247 1097 400 1183 Augusto
416 1096 460 1160 ad
476 1096 647 1162 Tiberium
662 1096 781 1161 missas
804 1095 1091 1174 familiarissimam
1122 1096 1164 1162 cf.
1184 1095 1266 1181 Aug.
1288 1097 1339 1162 71.
1366 1098 1416 1161 76.

247 1205 304 1281 92;
328 1203 402 1270 Tib.
421 1205 476 1281 21;
503 1202 619 1270 Claud.
636 1203 668 1267 4.
702 1202 772 1269 Nec
795 1223 872 1270 vero
894 1201 995 1267 modo
1017 1202 1127 1267 inanis
1151 1202 1241 1267 fama
1262 1201 1320 1266 illa
1336 1207 1416 1281 erat,

247 1307 306 1372 sed
340 1310 439 1374 etiam
471 1308 644 1393 divulgata
671 1307 714 1373 ab
738 1307 941 1388 hominibus,
967 1309 1025 1394 qui
1049 1308 1286 1374 contumeliam
1308 1309 1344 1373 in
1367 1309 1418 1374 Ti·

246 1413 377 1480 berium
401 1415 506 1479 iacere
521 1435 590 1479 non
614 1414 709 1480 veriti
727 1420 815 1479 sunt.
848 1414 924 1479 Non
945 1415 1034 1479 enim
1050 1413 1222 1479 Tiberium
1240 1413 1298 1479 illa
1311 1419 1418 1480 aetate

247 1541 346 1587 saevo
373 1520 508 1605 ingenio
531 1521 632 1586 tuisse
659 1520 861 1606 intellegitur
888 1527 927 1586 ut
954 1541 995 1586 ex
1017 1520 1149 1586 Horatii
1182 1520 1291 1588 verbis
1324 1521 1416 1606 epist.

246 1627 271 1704 Ι,
297 1630 328 1706 9,
344 1630 379 1691 4:
409 1629 555 1711 «turcatis
577 1629 706 1694 iouestu
729 1628 888 1694 Nercuis»
914 1632 947 1692 et
968 1627 1012 1706 H,
1037 1628 1066 1705 2,
1094 1628 1126 1692 1;
1156 1628 1251 1693 «bauo
1275 1628 1419 1710 cleroque

246 1735 387 1798 Neroui»
413 1733 460 1798 ita
491 1754 532 1798 ex
560 1732 666 1799 Taciti
693 1753 771 1798 ann.
797 1732 856 1812 VI,
881 1732 938 1797 51:
968 1735 1143 1818 euprepium
1166 1735 1232 1798 citu
1258 1735 1417 1816 furiaque,

246 1841 508 1922 qucudprioutus
520 1842 567 1906 uel
577 1843 613 1906 iu
624 1841 769 1922 imperiis
784 1841 841 1906 sub
858 1840 1001 1923 Aupusto
1014 1841 1112 1921 fuit».
1136 1838 1253 1923 Neque
1267 1860 1416 1923 unquam

246 1944 474 2010 dissenserunt
485 1944 659 2031 Augustus
672 1951 704 2011 et
715 1945 867 2010 Tiberius
878 1945 944 2010 nisi
954 1966 1021 2030 quo
1032 1950 1180 2030 tempore
1190 1945 1246 2010 hic
1258 1945 1416 2010 Rhodum

236 2049 386 2146 ‘decessit
408 2049 448 2135 (a.
462 2053 482 2116 6
496 2071 524 2116 a.
539 2050 614 2117 Chr.
629 2048 686 2136 n).
721 2051 810 2116 Tum
825 2051 1019 2136 indignatus
1043 2058 1092 2116 est
1110 2051 1174 2130 ille,
1193 2051 1318 2136 quippe
1340 2072 1417 2116 cum

245 2156 398 2222 Tiberius
416 2163 448 2222 et
459 2157 581 2222 Iuliam
593 2177 741 2237 uxorem,
757 2177 843 2242 quae
855 2163 925 2222 crat
935 2157 1024 2222 illius
1035 2157 1104 2221 fitia
1120 2164 1152 2222 et
1168 2157 1262 2222 cuius
1274 2156 1316 2221 de
1328 2156 1417 2222 lasci-

245 2263 301 2328 via
315 2269 408 2348 pater
424 2263 481 2328 illo
497 2269 644 2349 tempore
667 2264 783 2330 certior
805 2262 959 2328 nondum
983 2264 1090 2329 factus
1114 2268 1191 2341 erat,
1208 2262 1416 2349 repudiatam

245 2369 372 2434 Romae
391 2369 591 2455 relinqueret
604 2367 692 2456 (Tac.
716 2391 795 2437 ann.
810 2369 835 2448 I,
845 2371 902 2449 53;
920 2367 1165 2454 Suet.Tib.10)
1183 2375 1216 2434 et
1232 2369 1344 2454 ipsum
1365 2367 1416 2433 de·

246 2480 377 2550 sereret;
395 2475 435 2540 cf.
454 2475 542 2541 Suet.
561 2475 633 2542 Tib.
650 2478 705 2541 10:
727 2499 843 2560 sueque
855 2479 965 2542 uitrico
983 2479 1086 2542 deseri
1100 2498 1134 2542 se
1145 2479 1239 2542 etium
1254 2479 1290 2541 iu
1305 2481 1417 2541 seuutu

246 2585 446 2664 conquerenti
467 2586 591 2648 reuiuru
615 2584 719 2648 dedit»
742 2588 775 2648 et
796 2583 870 2648 Tib.
894 2584 949 2647 11:
974 2584 1145 2648 dimitteret
1166 2559 1287 2648 oruueu
1307 2603 1417 2646 curum

244 2708 383 2766 suorum,
400 2709 476 2770 quos
487 2694 553 2752 tum
565 2690 677 2769 cupide
692 2689 900 2771 reliquisset».
926 2688 1025 2754 Unde
1042 2689 1133 2754 fama
1147 2689 1205 2754 illa
1221 2687 1354 2754 emersit
1365 2687 1416 2752 Ti-

244 2790 374 2856 berium
399 2794 662 2858 «douiuutioucu
682 2796 798 2860 dorium
821 2796 975 2875 occepisse
997 2797 1129 2860 matris»
1154 2791 1242 2880 (Tac.
1260 2815 1338 2859 ann.
1355 2793 1414 2872 IV,

244 2897 286 2961 57
300 2894 383 2982 etc).
400 2897 513 2965 Liviae
525 2898 615 2962 enim
631 2900 892 2981 «inpensissimis
901 2902 1071 2982 precibus»
1087 2897 1187 2986 (Suet.
1198 2899 1273 2965 Tib.
1285 2897 1337 2984 13)
1349 2900 1416 2964 Au·

243 3007 362 3087 gustus
382 3010 569 3069 commotus
592 3009 650 3083 est,
676 3010 714 3070 ut
735 3003 907 3070 Tiberium
923 3006 1068 3070 Romam
1090 3005 1196 3071 redire
1219 3005 1415 3072 concederet

244 3107 284 3193 (a.
297 3111 358 3194 2p.
368 3107 443 3174 Chr.
455 3107 510 3195 n).
528 3110 749 3176 Familiaritas
759 3117 873 3177 autem
883 3111 1023 3196 pristina
1031 3111 1163 3177 Tiberio
1174 3133 1252 3177 cum
1261 3112 1416 3197 Augusto

243 3213 436 3294 intercessit,
454 3236 521 3299 quo
537 3221 685 3301 tempore
707 3217 832 3282 Lucius
856 3214 977 3282 Caesar
992 3223 1145 3283 mortuus
1169 3224 1201 3282 et
1217 3217 1321 3282 Gaius
1345 3217 1417 3284 vul-

243 3325 378 3384 neratus
402 3326 451 3384 est
473 3318 513 3407 (a.
532 3322 552 3385 3
575 3343 606 3406 p.
625 3320 702 3386 Chr.
727 3319 782 3408 n).
814 3322 927 3407 Atque
943 3323 1165 3408 improbanda
1181 3331 1231 3389 est
1253 3325 1393 3390 sentent'

243 3425 369 3504 Dionis,
391 3426 449 3510 qui
467 3426 519 3504 55,
546 3427 586 3492 27
603 3426 773 3492 Tiberium
789 3428 887 3493 annis
905 3429 928 3493 4
943 3449 1013 3514 sqq.
1034 3429 1069 3493 in
1087 3429 1267 3495 Germania
1289 3430 1417 3495 bellum

242 3537 411 3616 gerentem
450 3552 554 3617 quam
585 3531 776 3618 saepissime
806 3533 950 3599 Romam
980 3534 1166 3620 profectum
1197 3557 1268 3602 esse
1303 3536 1417 3602 scribit

243 3657 320 3701 cum
353 3638 562 3723 negotiorum
585 3658 686 3702 causa
719 3643 794 3703 tum
827 3639 1011 3718 timentem,
1041 3661 1084 3704 ne
1116 3661 1218 3725 quem
1240 3640 1416 3727 Augustus

242 3741 372 3807 absenti
403 3743 593 3828 praeferret:
642 3742 694 3818 «ἐς
726 3748 780 3830 τὴν
812 3747 916 3821 πόλιν,
950 3743 1040 3810 ὁπότε
1072 3745 1246 3832 παράσχοι,
1280 3758 1416 3833 συνεχῶς

243 3845 397 3934 ἐσεφοίτα,
427 3853 461 3912 τὸ
494 3854 548 3936 μὲν
571 3874 598 3914 τι
621 3856 805 3936 πραγμάτων
828 3863 913 3916 τινῶν
946 3851 1047 3928 ἕνεκα,
1080 3857 1114 3916 πὸ
1144 3855 1177 3916 δὲ
1211 3854 1248 3938 δι)
1274 3855 1416 3918 πλεῖστον

244 3956 431 4040 φοβοίιμενος
461 3958 503 4041 μὴ
550 3953 566 4018 ὁ
597 3954 775 4037 Αὔγουστος
818 3957 912 4023 ἄλλον
943 3963 1008 4023 τινὰ
1049 3962 1134 4043 παρὰ
1174 3962 1227 4044 τὴν
1268 3958 1416 4024 ἀπουσίαν

244 4053 335 4124 αὐτοῦ
378 4067 584 4148 προτιμήσῃ».
641 4061 774 4139 Quibus
815 4084 893 4128 cum
936 4063 1047 4130 verbis
1089 4064 1117 4129 si
1159 4064 1337 4130 contuleris
1378 4084 1417 4130 ca

244 4185 330 4249 quae
370 4165 549 4234 Suetonius
587 4167 661 4234 Tib.
701 4170 742 4234 15
772 4189 822 4254 sq.
867 4175 997 4250 narrat,
1045 4169 1212 4237 Velleium
1250 4169 1414 4250 laudabis,
