3266 4918
678 239 901 300 „21-

202 431 302 498 rebus
326 452 346 496 a
367 429 499 497 Tiberio
521 430 622 516 gestis
646 430 833 496 existimare
856 429 941 509 licet,
968 428 1093 496 Velleio
1116 429 1198 496 fides
1220 430 1377 498 habenda

202 542 265 617 est;
290 559 369 602 nam
386 537 552 603 Pannonii
573 557 663 602 anno
680 538 699 602 8
715 536 763 602 116
778 541 873 602 61661
888 535 1014 616 domiti,
1039 542 1078 601 ut
1091 557 1206 622 paoem
1223 545 1377 622 rogarent

203 641 353 730 (111655,
379 645 422 709 33
446 665 509 728 66.;
536 643 619 709 Vell.
637 643 680 723 II,
707 645 779 722 114,
804 640 847 722 4).
895 641 990 719 Quae
1015 643 1086 721 115,
1114 643 1192 708 466
1214 642 1326 710 labore
1345 649 1377 708 61

202 771 301 836 66616
316 755 429 816 narrat
443 770 464 815 a
479 749 611 815 Tiberio
636 770 727 816 anno
743 752 763 816 9
778 748 815 814 in
832 748 918 814 bello
944 749 1175 833 componendo
1201 769 1376 834 consump-

202 856 254 936 tis,
279 876 318 921 ea
341 855 582 920 confirmantur
605 876 624 920 a
648 855 755 926 Dione
778 855 830 932 56,
859 855 998 918 12-14.

291 961 380 1026 Dum
405 961 557 1026 Tiberius
581 960 708 1027 bellum
730 960 766 1024 in
782 959 914 1044 illyrico
935 959 1114 1044 componit,
1131 960 1168 1025 Ρ.
1193 959 1376 1036 Quintilius

202 1066 314 1134 Varus
345 1066 382 1130 in
414 1066 594 1132 Germania
626 1065 822 1150 gravissima
854 1064 947 1132 clade
978 1065 1117 1132 affectus
1152 1071 1210 1132 est.
1266 1065 1377 1142 Quare

201 1172 257 1238 ille
285 1194 375 1238 anno
405 1174 447 1238 10
478 1173 514 1237 in
542 1172 758 1237 Germaniam
789 1171 911 1237 missus
941 1177 999 1250 est,
1031 1172 1089 1256 qui
1121 1171 1286 1238 damnum
1313 1193 1377 1238 sar-

202 1279 291 1345 ciret.
317 1277 416 1356 Quod
439 1299 507 1363 quo
532 1276 632 1343 modo
660 1277 780 1355 1666111,
810 1277 957 1344 Velleius
986 1283 1100 1342 narrat
1132 1280 1314 1363 126166.
1345 1286 1377 1344 61

205 1387 277 1464 121,
305 1387 333 1449 1,
379 1384 491 1469 Α1666
526 1404 601 1450 vere
631 1405 710 1449 eum
741 1403 792 1448 res
823 1381 1005 1448 reddidisse
1031 1389 1131 1450 testes
1161 1390 1241 1449 sunt
1265 1383 1377 1449 Sueto·

201 1490 278 1555 nius
301 1489 374 1555 Tib.
402 1493 442 1556 18
467 1511 525 1575 66,,
550 1489 614 1555 Dio
640 1493 693 1569 56,
719 1491 771 1554 23.
797 1491 850 1567 25,
875 1489 1011 1554 Tacitus
1034 1511 1112 1554 ann.
1130 1490 1155 1569 Ι,
1181 1492 1237 1555 34;
1266 1513 1376 1572 «6166-

202 1599 304 1678 616616
336 1597 485 1661 laudibus
517 1597 674 1660 celebrans
698 1593 777 1681 (scil.
803 1591 1044 1680 Germanicus),
1076 1619 1157 1678 6666
1184 1597 1377 1678 66661661-

201 1703 328 1767 manias
350 1701 414 1766 c'llis
436 1701 922 1784 6661166166166666161611166
942 1703 1067 1783 fecisset
1082 1698 1160 1786 (scil.
1179 1699 1375 1788 Tiberiusb.

202 1806 271 1872 Nec
291 1828 368 1872 vero
396 1806 432 1871 in
455 1806 557 1871 huius
587 1804 665 1870 belli
688 1805 907 1890 descriptione
930 1805 1019 1885 latet,
1049 1827 1108 1872 cur
1130 1807 1194 1879 Dio
1217 1828 1265 1886 ea,
1289 1829 1376 1893 quae

201 1911 353 1978 Tiberius
375 1913 412 1977 in
428 1912 607 1978 Germania
630 1911 716 1992 fecit,
740 1917 809 1976 tam
829 1912 923 1997 parvi
938 1912 1174 1990 aestimaveris
1199 1915 1376 1978 nonenim

201 2018 353 2084 Tiberius
385 2038 509 2104 magna
532 2017 699 2082 commisit
721 2017 857 2104 proelia;
898 2017 939 2086 cf.
968 2018 1057 2084 Suet.
1082 2018 1154 2084 Tib.
1183 2021 1232 2085 19.
1281 2019 1375 2097 Quae

201 2145 277 2190 cum
303 2123 433 2209 saepius
457 2117 702 2190 committerent
724 2124 854 2190 Drusus
877 2131 979 2210 61666
1001 2125 1231 2204 Germanicus,
1260 2146 1375 2211 quam·

200 2251 303 2315 quam
326 2230 391 2295 hac
414 2251 455 2296 ex
469 2251 504 2295 re
527 2250 583 2295 eos
606 2231 708 2295 161666
731 2229 832 2295 duces
848 2231 980 2297 Tiberio
1000 2232 1144 2297 minores
1165 2233 1376 2317 cognoscitur

202 2333 254 2422 (61.
279 2358 310 2422 p.
331 2338 371 2401 16
395 2334 466 2422 66.),
490 2342 604 2400 161666
622 2356 642 2400 6
657 2336 764 2401 Dione
786 2335 976 2402 laudantur.
1015 2338 1085 2404 Nec
1100 2359 1177 2404 vero
1195 2338 1259 2403 hoc
1274 2336 1375 2402 modo

202 2442 265 2508 Dio
297 2441 387 2508 solus
415 2441 456 2507 de
479 2439 602 2507 'liberii
630 2442 751 2508 virtute
785 2443 988 2510 existimavit
1018 2443 1076 2508 sed
1105 2444 1206 2508 etiam
1228 2443 1372 2510 Tacitus.

203 2547 270 2624 Qui
291 2547 530 2634 reprehendere
552 2568 621 2612 non
644 2547 768 2615 veritus
792 2555 842 2614 est
864 2549 1034 2614 Tiberium
1058 2549 1094 2613 in
1118 2569 1166 2628 eo,
1196 2548 1287 2634 quod
1314 2549 1374 2614 for·

202 2659 304 2720 tunae
327 2654 525 2740 casibusque
544 2675 646 2739 quam
662 2655 840 2720 minimum
858 2655 1008 2741 permisit
1022 2676 1131 2740 neque
1149 2675 1273 2740 magna
1288 2655 1375 2720 bella

201 2761 311 2844 gessit,
329 2781 406 2826 cum
417 2767 543 2846 regeret
557 2781 627 2825 rem
643 2760 828 2846 publicam;
846 2761 886 2826 61.
904 2782 983 2826 ann.
998 2761 1041 2842 Il,
1059 2763 1111 2826 64.
1125 2762 1182 2840 65;
1197 2759 1255 2840 IV,
1272 2762 1303 2826 4.
1321 2763 1373 2828 32.

292 2865 357 2931 Sed
379 2866 463 2932 haec
491 2887 562 2932 non
584 2865 686 2932 huius
715 2868 886 2952 temporis:
911 2887 1088 2954 pergamus
1112 2866 1302 2932 examinare
1324 2888 1375 2932 res

203 2992 224 3036 a
246 2969 374 3036 Velleio
399 2972 577 3036 memoriae
600 2972 755 3057 proditas.
805 2975 915 3058 Atque
942 2975 1014 3051 121,
1038 2975 1054 3038 1
1077 2971 1209 3037 Tiberio
1228 2993 1373 3057 aequum

203 3077 255 3142 ius
270 3078 306 3141 in
323 3077 480 3143 omnibus
499 3078 678 3164 provinciis
694 3081 959 3165 exercitibusque
975 3086 1075 3164 atque
1086 3079 1240 3164 Augusto
1257 3077 1373 3144 datum

202 3204 274 3249 esse
289 3183 439 3270 legimus.
479 3183 582 3250 Cuius
599 3185 647 3250 rei
661 3190 761 3251 testes
777 3191 856 3250 sunt
871 3186 971 3250 etiam
983 3185 1128 3264 Tacitus,
1145 3185 1204 3269 qui
1219 3205 1297 3252 ann.
1310 3184 1336 3263 Ι,
1354 3185 1374 3250 3

202 3288 373 3356 Tiberium
400 3292 564 3375 6661166661
586 3292 734 3371 imperii»
761 3289 914 3376 appellat,
946 3295 979 3356 et
1001 3290 1190 3370 Suetonius,
1219 3290 1278 3376 qui
1301 3289 1375 3355 Tib.

204 3397 244 3462 21
269 3396 376 3482 legem
399 3397 502 3462 latam
525 3417 595 3462 esse
619 3395 724 3474 docet,
761 3404 816 3462 «at
841 3398 988 3462 Tiberias
1004 3399 1190 3478 procinctos
1213 3418 1284 3462 cam
1306 3398 1376 3462 Aa·

200 3510 291 3587 66616
314 3505 518 3569 communiter
549 3505 824 3569 administraret».
871 3502 966 3580 Quae
996 3503 1052 3567 lex
1086 3507 1198 3566 utrum
1232 3502 1299 3568 1616
1333 3503 1377 3568 611

203 3612 281 3672 6616
303 3607 512 3694 triumphum
536 3629 557 3673 a
579 3608 712 3674 Tiberio
735 3631 779 3674 m.
808 3610 881 3674 Ian.
905 3629 935 3673 a.
963 3611 1149 3687 12661661,
1174 3614 1213 3672 ut
1227 3608 1375 3676 Velleius

203 3712 325 3791 scribit,
360 3735 404 3778 an
426 3719 502 3799 6661
524 3735 612 3794 eum,
648 3736 690 3780 ex
712 3714 818 3780 Taciti
842 3714 895 3782 vel
917 3713 1067 3780 Suetonii
1090 3713 1198 3780 verbis
1222 3715 1376 3798 cognosci

204 3841 273 3885 non
296 3825 413 3906 potest.

290 3926 392 3992 Porro
415 3925 507 4012 apud
530 3924 697 3992 Velleium
721 3927 955 4013 scriptumest
982 3923 1069 4012 (121,
1084 3927 1104 3990 2
1117 3922 1179 4010 66.)
1202 3925 1372 3990 Tiberium

202 4053 221 4097 e
243 4032 424 4098 Germania
454 4053 642 4118 regressum
664 4032 876 4119 triumphum
903 4053 945 4098 ex
967 4031 1099 4117 Illyrico
1122 4031 1226 4118 egisse
1248 4031 1373 4117 magni-

202 4137 465 4204 ficentissimum.
513 4137 612 4216 Quod
635 4159 752 4206 verum
775 4160 847 4204 esse
868 4143 1034 4204 testantur
1056 4143 1089 4202 et
1110 4137 1174 4202 Dio
1197 4138 1249 4216 56,
1277 4138 1316 4201 11
1342 4142 1374 4201 61

204 4241 382 4310 Suetonius
404 4244 478 4312 Tib.
505 4245 560 4310 20:
590 4267 630 4310 «a
654 4245 831 4312 Germanic
853 4245 889 4309 16
911 4243 1022 4309 urbem
1038 4250 1113 4325 post
1141 4245 1302 4310 1166111616
1325 4264 1374 4308 rc·
