3266 4918
695 257 916 320 ..17-

195 447 296 512 modo
320 448 446 513 factum
470 454 528 528 est,
551 455 592 514 ut
617 450 753 530 «frande
777 449 1011 515 Coronaeorum
1034 454 1182 529 temptato
1209 450 1365 514 exercita»

195 550 292 638 (Vell.
308 555 351 633 Il,
378 556 450 634 107,
476 551 508 639 3)
530 554 694 641 proelium
717 555 923 620 committere
946 557 1125 638 cogeretur.
1177 552 1276 630 Quod
1298 555 1368 641 ipse

194 665 309 746 postea
341 659 382 724 de
414 681 449 725 se
479 659 694 745 praedicavit,
720 660 760 724 cf.
792 659 870 724 Tac.
903 680 981 723 ann.
1012 659 1055 737 H,
1091 660 1147 724 26:
1187 681 1237 726 «se
1264 663 1369 726 aoeies

195 789 216 831 a
248 769 319 832 dico
349 768 493 849 Aapasto
525 768 561 832 ia
592 767 801 832 Germaniam
830 767 962 830 missam
987 765 1089 846 plara
1119 765 1247 831 coasilio
1273 787 1368 848 qaam

194 875 226 936 oi
248 873 445 953 perfecisse».
493 871 605 948 Quam
627 870 670 936 ob
693 891 765 935 rem
781 870 933 935 Tiberius
955 870 1062 935 maior
1084 875 1155 935 erat
1176 869 1247 934 dux
1264 891 1366 955 quarn

195 977 424 1056 Germanicus,
447 998 548 1062 quem
572 978 713 1062 saepius,
730 983 770 1042 ut
785 976 1030 1042 Germanorum
1044 975 1182 1042 insidias
1198 976 1366 1062 effugeret,

195 1083 422 1168 magniscam
446 1082 652 1149 detrimentis
667 1082 791 1168 proelia
814 1081 1019 1147 committere
1035 1088 1186 1148 coactum
1211 1079 1262 1168 (cl.
1288 1082 1365 1147 Tac.

194 1208 272 1253 ann.
306 1188 332 1267 I,
364 1189 521 1267 55-71;
554 1189 597 1268 Π,
629 1185 763 1274 5-26)
795 1209 856 1252 suo
887 1187 958 1253 iure
990 1187 1045 1252 ille
1068 1207 1158 1252 anno
1184 1188 1367 1254 16110161-

193 1295 307 1359 mania
338 1295 512 1361 revocavit.
570 1294 664 1372 Quae
696 1293 871 1360 aiiberio
901 1293 937 1358 in
965 1293 1052 1359 bello
1074 1293 1219 1378 gerendo
1241 1294 1368 1380 positae

193 1406 274 1464 sunt
305 1421 384 1466 cura
417 1407 517 1486 atque
544 1421 652 1486 opera,
686 1406 772 1466 certe
804 1400 948 1465 minores
982 1422 1052 1466 non
1081 1407 1176 1465 erant
1197 1401 1247 1480 iis,
1282 1421 1367 1486 quas

192 1514 376 1591 posuerunt
399 1513 477 1571 ante
500 1527 578 1572 eum
600 1507 731 1572 Drusus
755 1503 829 1592 (Dio
854 1510 905 1586 54,
935 1507 978 1571 32
1000 1527 1065 1591 sq.;
1094 1507 1147 1585 55,
1184 1504 1213 1592 1)
1237 1511 1368 1592 etpost

193 1631 270 1676 eum
295 1611 513 1678 Germanicus
541 1612 629 1699 (Tac.
655 1634 732 1678 ann.
764 1613 790 1692 1,
816 1614 861 1678 50
884 1634 947 1698 sq.;
974 1614 1120 1692 55-71;
1159 1613 1202 1693 ΙΙ,
1233 1611 1364 1699 5-26).

192 1717 309 1802 Neque
331 1718 459 1798 itinera,
487 1718 674 1806 quae'feoit
696 1719 858 1784 exereitus
882 1719 979 1783 annis
1003 1719 1101 1798 4-5,
1135 1720 1249 1784 minus
1272 1724 1367 1784 erant

192 1822 376 1889 difficiliora
399 1846 509 1910 neque
531 1825 687 1911 pericula,
712 1845 799 1910 quae
823 1824 934 1903 subiit,
960 1823 1083 1890 leviora
1098 1825 1148 1904 iis,
1173 1847 1259 1910 quae
1279 1847 1365 1891 exer·

192 1929 276 1994 citus
310 1930 485 1995 subierunt
516 1931 614 1996 annis
644 1933 771 1996 12-11
808 1936 840 1995 et
863 1933 883 1996 9
907 1951 936 1995 a.
962 1928 1038 1994 Chr.
1063 1951 1096 1995 n.
1123 1935 1156 1995 et
1179 1931 1308 1997 14-16
1331 1953 1363 2018 p.

191 2033 267 2100 Chr.
285 2057 318 2100 n.
350 2035 578 2101 Nihilominus
594 2041 627 2101 et
641 2036 799 2115 Dionem,
817 2035 876 2121 qui
884 2035 986 2100 Drusi
1001 2035 1226 2122 expeditiones
1241 2036 1364 2117 laudet,

190 2146 223 2207 et
239 2141 403 2221 Tacitum,
421 2143 480 2227 qui
497 2142 687 2208 Germanioi
702 2163 754 2207 res
774 2147 884 2227 gestas
908 2141 1049 2207 summis
1065 2141 1180 2207 efferat
1197 2141 1362 2222 laudibus,

190 2246 362 2333 scriptores
378 2268 448 2312 esse
460 2248 607 2315 veritatis
624 2254 775 2312 amantes
793 2269 891 2313 nemo
909 2254 959 2313 est
982 2248 1065 2333 quin
1089 2248 1186 2328 dicat,
1211 2248 1269 2314 sed
1289 2248 1364 2316 Vel·

188 2351 301 2431 leium,
317 2373 524 2438 quamquam
537 2353 657 2418 iisdem
671 2352 829 2418 laudibus
841 2354 989 2418 Drusum
1013 2359 1113 2438 atque
1126 2353 1364 2421 Germanicum

190 2457 292 2538 effert,
310 2459 433 2543 quibus
449 2459 621 2524 'liberium
637 2457 686 2545 (ut
701 2459 872 2525 Tiberium
900 2461 974 2538 100,
995 2461 1075 2524 lita
1090 2459 1239 2525 Drusum
1265 2463 1317 2542 97,
1343 2464 1363 2527 3
1486 2489 1487 2494 ’

189 2570 222 2628 et
237 2563 474 2631 Germanicum
500 2569 612 2645 1292
637 2566 815 2632 domitores
831 2566 977 2653 appellat
1001 2563 1225 2651 Germaniae),
1250 2572 1364 2633 tamen

188 2671 359 2736 Tiberium
383 2671 558 2738 adulatum
582 2693 653 2737 esse
676 2693 775 2737 nemo
799 2672 867 2736 iere
889 2678 990 2757 negat
1013 2672 1064 2758 (of.
1083 2672 1224 2757 Stanger
1246 2695 1279 2758 p.
1300 2672 1362 2758 15).

277 2777 342 2841 Sed
357 2777 431 2842 iam.
442 2778 548 2843 sentio
564 2799 618 2842 me
634 2797 705 2842 esse
720 2776 852 2861 longius
877 2797 1046 2861 egressum
1070 2798 1173 2862 quam
1195 2779 1364 2865 proposita

187 2883 270 2948 ratio
293 2884 489 2969 postularet:
514 2883 664 2948 dicamus
681 2882 722 2948 de
737 2883 840 2947 altera
856 2882 912 2948 illa
928 2903 1037 2961 causa,
1063 2904 1166 2969 quam
1181 2886 1362 2970 quominus

186 2987 270 3052 fides
293 2987 483 3054 Velleianae
498 2988 576 3053 belli
592 2988 781 3053 Germanici
804 2987 1015 3073 descriptioni
1029 2987 1215 3070 haberetur,
1232 2991 1363 3058 obstare

186 3091 340 3159 vidimus.
396 3092 507 3178 Atque
545 3114 604 3158 cur
632 3093 782 3158 Drusum
806 3096 992 3158 annalia.
1017 3093 1094 3158 Chr.
1119 3117 1151 3161 n.
1181 3096 1223 3161 ad
1246 3097 1361 3162 Albim

184 3199 312 3264 flumen
334 3205 523 3286 penetrasse
546 3220 674 3284 negem,
699 3198 810 3266 variae
833 3204 949 3264 extent
970 3199 1123 3266 rationes.

273 3305 424 3370 Primum
453 3305 542 3370 enim
565 3305 696 3370 Drusus
719 3325 809 3370 anno
834 3307 873 3370 11
898 3326 928 3371 a.
953 3304 1030 3372 Chr.
1055 3328 1088 3372 n.
1122 3329 1165 3372 ne
1189 3308 1360 3396 Visurgim

184 3411 321 3496 quidem
344 3410 528 3497 transgredi
552 3411 662 3496 potuit
685 3416 717 3476 et
735 3432 859 3497 magna
875 3411 961 3498 cepit
976 3412 1183 3494 detrimenta,
1210 3435 1286 3479 cum
1303 3435 1362 3500 per

184 3515 268 3580 fines
283 3515 525 3583 Cheruscorum
542 3516 804 3603 proficisceretur
819 3515 893 3604 (Dio
904 3519 956 3598 54,
976 3516 1038 3602 33).
1083 3519 1212 3585 Deinde
1228 3540 1317 3586 anno
1327 3524 1357 3599 9,

184 3622 378 3707 priusquam
396 3623 440 3687 ad
456 3622 640 3690 Cheruscos
655 3624 814 3710 pervenit,
840 3623 929 3710 apud
947 3622 1084 3689 Chattos
1100 3628 1133 3688 et
1148 3625 1229 3690 alias
1244 3631 1359 3710 gentes

185 3725 299 3813 (Suebi
321 3726 532 3812 appellantur
552 3728 705 3816 aDione)
720 3729 933 3815 gravissimas
949 3729 1026 3793 fecit
1048 3727 1205 3807 iacturas;
1231 3730 1271 3794 cf.
1296 3729 1360 3794 Dio

185 3835 237 3913 55,
266 3836 301 3898 1:
337 3836 426 3907 «τοὺς
454 3838 693 3921 προςμιγνῦντας
716 3833 745 3899 οἱ
775 3831 832 3899 οὐκ
856 3833 1002 3918 ἀναιμωτὶ
1024 3846 1175 3917 κρατῶν».
1222 3834 1302 3900 Post
1323 3835 1360 3900 in

184 3944 256 4018 tota
286 3938 505 4025 descriptione
532 3943 591 4019 55,
625 3943 642 4004 1
671 3939 735 4004 Dio
764 3943 914 4005 versatur
944 3938 1080 4002 oratoris
1112 3938 1256 4019 ratione,
1290 3961 1360 4006 non

183 4065 295 4109 rerum
330 4045 512 4132 scriptoris;
545 4044 590 4110 ci:
630 4049 722 4130 «γονὴ
759 4049 817 4127 γάρ
855 4065 900 4114 τις
928 4047 1038 4128 μείζων
1067 4065 1096 4108 κ.
1122 4067 1146 4108 τ.
1171 4046 1221 4108 λ.»
1269 4045 1359 4111 Tum

186 4149 375 4230 Suetonius,
405 4152 464 4236 qui
497 4150 613 4217 Claud.
641 4154 657 4216 1
682 4150 832 4215 Drusum
855 4147 980 4230 laudat,
1006 4149 1065 4234 qui
1087 4150 1215 4237 primus
1238 4149 1358 4216 Roma·

184 4274 305 4319 norum
349 4255 474 4322 ducum
510 4277 672 4323 oceanum
712 4254 1001 4343 septentrionalem
1038 4255 1253 4341 navigaverit,
1288 4277 1358 4322 non

1237 4371 1250 4412 a
