3266 4918
748 214 944 277 ..6,

259 411 362 484 retur,
400 405 568 473 civitatem
602 404 773 470 nonnullis
806 403 963 490 gentibus
1003 402 1090 468 bello
1126 401 1288 488 superatis
1318 402 1432 470 datam

261 531 331 576 esse
365 515 603 576 commemorat
638 510 851 595 coloniasque
881 509 925 576 ad
959 530 1014 574 eas
1046 508 1206 574 deductas
1234 514 1267 573 et
1288 509 1331 589 ΙΙ,
1358 513 1386 590 1,
1413 511 1430 574 1

259 621 347 682 recte
370 616 461 682 unde
483 616 610 682 factum
633 617 684 694 sit,
722 622 761 682 ut
784 615 1016 681 Romanorum
1045 615 1150 680 animi
1177 635 1351 700 moresque
1373 617 1431 681 im-

260 728 482 801 mutarentur,
508 727 629 788 narrat.
676 722 854 800 Homines
879 719 1016 808 perinde
1046 741 1085 786 ac
1115 720 1144 785 si
1174 740 1225 785 res
1256 741 1334 784 cum
1364 720 1432 784 fato

260 825 316 912 (ΙΙ,
343 829 371 907 1,
396 830 430 906 4;
460 829 508 907 ll,
535 830 567 905 3;
597 829 648 906 12,
674 828 707 906 1;
733 829 785 905 52,
812 830 848 906 1;
873 828 926 906 53,
955 829 987 904 1;
1012 827 1065 906 57,
1091 827 1111 892 3
1135 823 1208 910 etc.)
1231 831 1305 890 tum
1328 825 1431 890 homi-

261 955 345 998 num
376 935 518 1020 ingeniis
550 939 659 1000 rectae
695 935 763 1000 sint
797 931 850 1020 (ΙΙ,
882 929 1035 1016 41-44),
1073 931 1217 997 illustrat
1248 937 1288 996 ut
1320 953 1432 996 rerum

260 1046 410 1106 auctores
433 1047 533 1126 atque
556 1040 700 1106 celebrat
722 1038 758 1127 (Ι,
784 1041 813 1104 2.
839 1041 869 1106 6.
895 1042 925 1105 7.
951 1041 980 1105 8.
1006 1036 1129 1124 9etc.)·
1154 1037 1296 1123 ingeniis
1319 1044 1433 1103 autem

261 1146 469 1232 fortunisque
500 1167 615 1212 eorum
646 1145 852 1212 illustrandis
875 1166 1006 1232 semper
1027 1144 1139 1210 studet
1162 1143 1215 1232 (Π,
1239 1146 1271 1210 5.
1288 1145 1429 1208 41-43.

261 1253 314 1317 59.
348 1255 390 1317 69
413 1250 495 1338 etc).
544 1251 653 1338 Atque
680 1252 781 1318 etiam
809 1273 862 1317 res
890 1271 1023 1316 narrare
1049 1250 1194 1330 videtur,
1227 1250 1350 1335 quibus
1374 1251 1432 1315 ho-

261 1358 391 1423 minum
416 1358 468 1425 vel
490 1358 625 1444 ingenia
641 1358 692 1426 vel
707 1358 858 1424 fortunas
881 1357 1040 1443 depingat
1061 1354 1114 1443 (cf.
1138 1357 1181 1436 ΙΙ,
1207 1359 1259 1436 36,
1285 1358 1320 1421 2:
1347 1359 1432 1422 «iam

255 1487 360 1546 pocae
375 1487 642 1548 superuacaneum
657 1467 761 1530 videri
769 1471 873 1546 potest
892 1465 1094 1530 eminentium
1109 1465 1307 1547 incentorum
1322 1470 1433 1528 actare

260 1568 433 1656 temporo»)
457 1577 489 1635 et
511 1591 622 1635 rerum
638 1590 765 1650 causas,
789 1576 829 1635 ut
851 1569 929 1648 dixi,
955 1570 1022 1635 fere
1044 1589 1113 1634 non
1135 1568 1283 1654 indagat,
1307 1569 1373 1634 nisi
1391 1575 1429 1634 ut

260 1677 395 1761 ingenia
428 1697 603 1762 moresque
637 1697 752 1742 eorum
786 1677 871 1742 bene
904 1675 1058 1741 ostendat
1090 1675 1142 1761 (cf.
1167 1676 1192 1753 Ι,
1221 1677 1275 1754 16;
1310 1674 1352 1754 ΙΙ,
1377 1676 1430 1740 44.

261 1784 303 1848 66
320 1781 409 1870 etc.);
446 1803 513 1867 quo
547 1783 674 1848 factum
706 1789 768 1862 est,
809 1790 848 1848 ut
882 1783 1013 1868 saepius
1048 1783 1138 1868 operi
1166 1782 1324 1847 insereret
1346 1800 1433 1865 quae

260 1888 399 1953 minime
433 1888 469 1952 in
503 1887 675 1954 historiam
712 1897 795 1954 <dam
818 1896 977 1956 artatam»
1011 1886 1226 1974 quadrarent;
1261 1887 1302 1953 cf.
1326 1887 1353 1965 Ι,
1381 1887 1431 1951 10.

263 1995 472 2072 11.12.13;
508 1995 552 2074 Π,
577 1995 709 2059 41-43
726 2000 801 2073 etc.;
836 1995 879 2074 ΙΙ,
904 1996 1004 2074 68,1;
1044 2017 1160 2077 «neque
1188 1996 1274 2060 eafae
1289 2014 1430 2075 persono

260 2101 406 2164 ambram
429 2106 517 2166 actae
539 2102 588 2166 rei
610 2103 726 2181 cupit».
773 2101 885 2186 Atque
914 2100 1021 2185 priore
1047 2099 1203 2164 historiae
1230 2099 1425 2180 ‹particula›

260 2202 296 2291 (I,
323 2206 373 2284 16,
393 2202 423 2290 1)
446 2205 594 2271 Velleius
616 2205 713 2290 quasi
729 2205 859 2272 aditum
876 2205 1004 2291 aperuit
1020 2204 1064 2270 ad
1078 2205 1292 2290 posteriorem
1307 2204 1432 2269 librum

260 2331 404 2396 eumque
427 2312 632 2378 nobiliorem.
679 2313 814 2378 Etenim
838 2314 942 2378 exiis
964 2311 1152 2397 quaeinde
1175 2312 1317 2396 acapite
1340 2330 1430 2375 nono
1532 2325 1535 2330 '

259 2416 296 2480 in
322 2416 430 2502 priore
459 2419 565 2504 operis
593 2418 677 2484 libro
709 2418 831 2504 scripta
858 2424 937 2484 sunt
964 2455 1007 2465 —
1034 2439 1159 2503 magna
1180 2417 1257 2483 libri
1279 2437 1355 2502 pars
1378 2436 1430 2481 ex·

260 2521 341 2587 cidit
361 2559 407 2569 —-
429 2522 584 2589 concludi
605 2529 714 2610 potest
736 2525 928 2610 scriptorem
942 2523 978 2589 id
994 2523 1056 2588 sibi
1072 2522 1290 2608 proposuisse,
1314 2527 1354 2587 ut
1368 2521 1433 2587 hac

258 2628 365 2713 priore
392 2635 484 2714 parte
506 2651 610 2714 quarn
632 2630 825 2697 brevissime
854 2651 906 2695 res
935 2651 955 2695 a
979 2629 1140 2695 Romanis
1163 2629 1203 2694 iis
1226 2626 1431 2713 temporibus

259 2739 369 2817 gestas
399 2734 543 2814 referret,
575 2735 698 2832 quibus
730 2735 908 2820 imperium
935 2735 1128 2802 Romanum
1156 2735 1310 2801 crevisset
1333 2738 1366 2797 et
1387 2731 1430 2798 ad

259 2838 294 2904 id
329 2841 541 2924 pervenisset,
579 2847 617 2904 ut
650 2841 722 2906 sine
755 2841 888 2906 aemulo
920 2847 1020 2926 atque
1050 2840 1196 2927 periculo
1220 2845 1305 2904 esset
1326 2836 1378 2925 (cf.
1403 2836 1429 2916 Ι,

262 2948 314 3023 14,
341 2949 375 3023 1;
404 2946 447 3026 ΙΙ,
475 2948 503 3026 1,
532 2944 571 3032 1).
617 2946 799 3012 Posteriora
833 2952 946 3012 autem
980 2945 1065 3011 libro
1099 2945 1135 3011 id
1162 2944 1293 3013 videtur
1316 2943 1429 3029 egisse,

258 3056 298 3117 ut
320 3051 527 3132 describeret,
553 3073 620 3137 quo
644 3051 745 3117 modo
767 3073 819 3118 res
834 3052 969 3138 publica
984 3052 1138 3118 Romana
1153 3051 1197 3117 ad
1212 3072 1290 3116 eum
1305 3054 1431 3115 statum

259 3155 404 3222 deducta
426 3164 525 3238 esset,
558 3159 595 3222 in
622 3179 689 3243 quo
713 3165 798 3224 esset
820 3179 882 3224 sua
904 3163 1020 3224 aetate.
1067 3158 1161 3236 Quae
1184 3178 1262 3224 cum
1283 3158 1331 3221 ita
1353 3156 1429 3232 sint,

259 3261 344 3328 duas
367 3263 532 3330 Velleium
561 3285 612 3330 res
635 3264 803 3330 inanimo
826 3264 993 3344 habuisse,
1030 3285 1108 3330 cum
1131 3284 1293 3330 wsummas
1328 3260 1429 3326 modo

258 3388 310 3433 res
325 3389 519 3454 percurrens
534 3370 689 3435 homines
711 3371 858 3436 maxime
881 3376 920 3435 ut
933 3391 1045 3435 rerum
1063 3376 1213 3435 auctores
1229 3369 1429 3455 depingeret,

258 3472 343 3538 mihi
383 3494 581 3558 persuasum
617 3481 682 3540 est:
726 3482 759 3540 et
793 3476 879 3542 viros
913 3475 1111 3542 clarissimos
1144 3477 1180 3540 in
1215 3480 1431 3560 conspectum

258 3577 383 3644 Vinicii
405 3580 550 3645 consulis
574 3586 607 3645 at
629 3581 728 3646 amici
743 3581 924 3667 producere
948 3581 1053 3649 voluit
1075 3587 1108 3646 et
1128 3581 1351 3668 principatum
1376 3579 1428 3644 de

258 3683 392 3748 fondere
424 3691 524 3770 atque
553 3685 701 3771 probare.
749 3687 837 3752 Nam
866 3688 1026 3772 quoniam
1055 3693 1088 3753 et
1111 3689 1375 3773 omnitempore
1398 3691 1431 3750 et

258 3789 350 3875 apud
371 3810 488 3854 omnes
502 3797 618 3876 gentes
634 3812 655 3857 a
669 3792 810 3877 singulis
831 3793 1026 3860 hominibus
1049 3815 1101 3859 res
1124 3799 1231 3860 rectae
1254 3793 1330 3871 sint,
1358 3791 1430 3856 iure

258 3894 373 3960 orbem
408 3902 571 3962 terrarum
603 3897 665 3962 uni
697 3919 811 3984 parere
835 3898 1049 3980 demonstret,
1080 3898 1274 3986 praesertim
1297 3920 1374 3965 cum
1398 3903 1431 3963 et

257 4000 458 4088 respublica
486 4001 565 4068 inde
580 4023 601 4068 a
616 4002 817 4090 Carthagine
840 4005 947 4071 deleta
969 4005 1136 4072 continuis
1160 4005 1253 4071 bellis
1277 4004 1429 4073 civilibus

257 4106 400 4172 lacerata
422 4108 465 4173 sit
487 4114 521 4174 et
540 4108 694 4176 homines
717 4110 889 4196 depravati
911 4119 1012 4198 atque
1034 4112 1070 4178 in
1093 4111 1194 4178 talem
1222 4117 1348 4178 statum
1377 4110 1429 4175 de·

256 4211 342 4298 lapsi
369 4209 422 4297 (Il,
450 4216 477 4294 l,
506 4212 548 4308 l),
578 4220 617 4280 ut
638 4221 767 4302 praeter
790 4216 945 4284 Caesares
969 4218 1084 4284 salutis
1108 4224 1222 4284 auctor
1244 4239 1354 4304 neque
1377 4239 1431 4284 ex·
