3266 4918
754 254 974 317 „13-

279 452 518 514 commemorat
540 466 618 511 eum
633 445 781 531 primum
797 443 841 510 ad
857 444 972 510 Albim
992 445 1119 510 flumen
1131 464 1348 530 progressum
1371 465 1450 510 esse.

278 553 335 619 Ad
368 559 554 618 extremum
580 552 717 618 Tacitus
751 572 830 616 ann.
859 550 924 630 IV,
960 553 1005 616 44
1034 551 1071 616 L.
1095 550 1283 616 Domitium
1309 550 1453 616 celebrat

279 667 522 746 transgressum
543 661 699 726 «exercita
712 660 832 739 flamen
843 660 951 724 Altera
962 660 1085 743 loupiac
1094 665 1264 739 penetrato
1277 659 1454 725 Germania

279 789 375 851 quara
395 769 539 850 quisqam
555 768 737 848 priorum».
776 765 827 831 Aa
842 785 886 830 ue
907 763 965 828 illa
981 763 1127 849 quidem,
1143 784 1231 848 quae
1247 762 1288 829 de
1306 764 1453 829 Domitio

279 871 426 938 reddunt
446 872 581 936 Tacitus
597 870 656 951 IV,
681 874 726 935 44
741 876 774 936 et
788 871 851 936 Dio
868 870 921 950 55,
941 871 983 935 10
998 889 1025 949 a,
1050 875 1240 956 repugnant
1257 869 1364 936 Vellei
1386 890 1454 936 ver-

279 979 341 1058 bis,
366 997 452 1063 quae
474 978 632 1063 leguntur
657 978 730 1055 106,
756 978 786 1043 2.
832 977 920 1040 Nam
936 975 1104 1041 Domitius
1127 974 1171 1040 ad
1190 974 1304 1042 Albim
1327 975 1455 1040 flumen

279 1105 471 1171 progressus
501 1105 579 1148 eum
607 1083 751 1161 transiit,
775 1087 954 1169 postquam
977 1081 1235 1147 Hermunduros
1265 1081 1301 1146 in
1330 1081 1454 1147 finibus

280 1191 596 1256 Marcomannorum
628 1188 801 1255 collocavit
832 1187 906 1274 (Dio
930 1188 982 1268 55,
1005 1189 1047 1253 10
1065 1184 1097 1273 a)
1118 1187 1139 1252 i.
1165 1208 1191 1253 e.
1225 1187 1318 1253 haud
1340 1185 1456 1272 procul

280 1296 472 1361 afluminis
495 1296 595 1374 fonte,
626 1294 663 1358 in
685 1299 778 1380 parte
809 1295 880 1360 eius
908 1293 1083 1381 superiore.
1138 1293 1311 1359 Tiberium
1341 1298 1455 1358 autem

280 1400 396 1466 laudat
418 1400 566 1467 Velleius
598 1420 810 1486 progressum
840 1399 883 1464 ad
906 1398 1002 1466 Albis
1025 1398 1183 1469 fluminis
1196 1404 1324 1485 partem
1347 1398 1455 1463 inferi·

281 1528 385 1585 orem;
425 1527 505 1571 uam
529 1512 563 1570 et
584 1506 654 1572 vim
676 1505 771 1571 addit
793 1505 901 1572 verbis
926 1507 989 1571 «ad
1011 1506 1357 1589 qaadrtopeatesimam
1372 1507 1455 1570 melt-

281 1615 408 1684 orr'ara»
428 1617 461 1678 et
477 1612 648 1677 Tiberium
664 1612 707 1677 ad
719 1611 833 1677 Albim
850 1610 1040 1697 pervenisse
1055 1610 1169 1676 scribit
1187 1613 1320 1693 «fractis
1335 1613 1455 1695 Lorac-

280 1720 408 1784 bordr's»
435 1724 468 1783 et
483 1717 597 1782 Albim
618 1718 744 1783 flumen
765 1737 836 1783 esse
859 1722 972 1782 narrat
985 1717 1222 1802 praeterfluens
1246 1715 1455 1782 «Semnonum

281 1825 643 1907 Hermoudorornmqae
663 1826 774 1905 rtaesr.

370 1930 495 2009 Restat,
520 1935 559 1994 ut
581 1951 648 2015 quo
670 1930 742 1995 iure
761 1928 910 1995 Velleius
925 1928 1027 1995 verba
1049 1927 1107 1992 illa
1128 1948 1215 2013 quae
1239 1933 1319 1992 sunt
1344 1929 1416 2005 106,
1435 1928 1455 1991 3

281 2035 447 2127 scripserit
468 2055 678 2120 quaeramus.
719 2033 817 2111 Quod
840 2034 955 2120 paucis
979 2033 1170 2099 absolvitur.
1211 2034 1297 2098 Nam
1322 2055 1364 2098 ex
1381 2033 1456 2098 Dio·

281 2143 334 2206 nis
362 2142 420 2220 54,
446 2143 488 2206 32
512 2140 722 2226 cognoscitur
744 2139 893 2204 Drusum
916 2139 952 2204 in
975 2159 1066 2204 mare
1089 2139 1345 2225 septentrionale
1368 2159 1455 2204 eveo·

280 2255 354 2312 tum
386 2247 474 2313 ultra
495 2247 667 2312 Frisorum
699 2246 783 2312 fines
806 2267 875 2310 non
898 2267 1109 2332 progressum
1133 2267 1219 2325 esse;
1257 2245 1297 2310 of.
1326 2243 1379 2319 «ἐς
1402 2249 1455 2330 τὴν

282 2353 426 2418 Χαοκὶδα
449 2355 499 2418 διὰ
522 2364 577 2439 τῆς
600 2355 709 2439 λίμνης
729 2351 870 2437 ἐμβαλὼν
894 2351 1128 2417 tristissuma».
1164 2353 1282 2437 ltaque
1308 2351 1456 2418 Velleius

281 2458 317 2524 id
340 2479 440 2538 mare,
465 2460 501 2523 in
524 2459 615 2544 quod
638 2458 734 2524 Albis
757 2459 883 2522 flumen
911 2457 1031 2537 influit,
1060 2461 1271 2540 «ascoperam
1294 2465 1387 2540 atque
1408 2461 1457 2522 r'a-

282 2566 447 2632 auditam«
485 2586 546 2630 suo
575 2565 646 2630 iure
679 2562 786 2629 dicere
817 2565 935 2649 potuit.
984 2563 1079 2641 Quae
1106 2584 1184 2628 oum
1206 2564 1254 2628 ita
1277 2564 1353 2642 sint,
1379 2564 1457 2629 satis

197 2677 201 2680 ’
283 2671 529 2736 demonstrasse
560 2671 644 2736 mihi
672 2670 787 2738 videor
809 2670 985 2751 Velleium,
1017 2691 1225 2755 quamquam
1254 2692 1331 2736 eum
1355 2690 1458 2755 quam

200 2820 203 2826 -
282 2777 438 2842 maximis
470 2776 628 2842 laudibus
652 2776 776 2842 Tiberii
807 2777 895 2843 facta
928 2777 1085 2843 extulisse
1108 2777 1362 2843 eoncedendum
1398 2781 1456 2856 est,

283 2890 398 2948 tamen
427 2903 535 2968 neque
558 2883 738 2948 mentitum
762 2903 833 2948 esse
854 2882 890 2946 in
915 2882 1139 2948 describendis
1162 2883 1262 2949 rebus
1285 2903 1305 2946 a
1328 2883 1459 2948 Tiberio

283 2989 382 3054 annis
405 2989 493 3054 4-5
516 2989 552 3052 iu
565 2988 745 3054 Germania
760 2988 861 3074 gestis
876 3009 986 3074 neque
998 2988 1170 3054 Tiberium
1187 3010 1258 3054 esse
1273 2988 1457 3066 adulatum,

284 3094 342 3162 sed
360 3094 463 3160 fidem
486 3094 516 3158 ei
533 3115 604 3158 esse
626 3093 829 3159 habendam.
876 3093 1031 3160 Ceterum
1053 3095 1182 3161 hebetis
1204 3095 1260 3160 ille
1283 3095 1400 3160 fuisset
1413 3095 1459 3159 in·

284 3200 382 3286 genii,
398 3201 426 3266 si
440 3200 600 3266 mentitus
613 3207 699 3265 esset
709 3189 790 3266 istas
803 3221 864 3281 rea,
878 3201 1002 3286 quibus
1018 3201 1141 3266 Tiberii
1156 3201 1296 3288 gloriam
1310 3205 1458 3285 augeret;

284 3325 365 3371 nam
393 3306 488 3372 fictas
518 3327 573 3371 eas
602 3327 673 3372 esse
700 3327 799 3371 nemo
829 3328 899 3371 uon
921 3306 1110 3392 intellegere
1140 3306 1263 3384 debuit,
1288 3311 1461 3391 propterea

285 3410 377 3496 quod
408 3411 479 3492 viri,
504 3411 627 3496 quibus
659 3432 757 3476 nemo
791 3412 881 3498 prior
911 3413 947 3477 in
976 3412 1125 3496 regiones
1156 3411 1342 3496 incognitas
1364 3430 1460 3494 pene·

284 3522 412 3598 trasset,
443 3518 601 3583 omnibus
631 3523 724 3582 erant
756 3517 842 3596 noti;
883 3517 924 3582 cf.
949 3517 1026 3582 Tac.
1060 3537 1138 3581 ann.
1162 3516 1222 3596 IV,
1247 3518 1291 3580 44
1314 3522 1347 3581 et
1369 3515 1459 3582 Suet.

202 3607 204 3612 ¹
285 3621 402 3688 Claud.
430 3625 457 3688 1.

375 3728 473 3806 Quod
501 3749 597 3815 porro
620 3727 768 3794 Velleius
799 3728 913 3793 scribit
937 3729 1010 3808 108,
1044 3731 1076 3792 1:
1120 3730 1220 3794 «atta
1247 3737 1315 3796 erat
1336 3732 1403 3794 tora
1425 3730 1461 3793 r‘rr

287 3835 474 3912 Germania,
499 3836 582 3916 qaod
604 3835 688 3898 oiaor'
704 3840 812 3914 posset
828 3841 961 3915 praeter
979 3841 1100 3918 paratam
1124 3835 1460 3912 Marcomannorum»,

285 3945 374 4004 recte
397 3937 550 4004 Kranae9
573 3940 615 4004 ad
638 3940 732 4005 hunc
753 3940 867 4006 locum
885 3939 1024 4005 adnotat
1046 3941 1225 4006 iactantius
1249 3941 1314 4005 hoc
1334 3939 1460 4022 dictum

287 4064 358 4109 esse
384 4064 444 4128 pro
467 4045 697 4109 Romanorum
731 4046 919 4130 arrogantia
947 4051 979 4110 et
1002 4046 1228 4132 supplendum
1252 4067 1322 4112 esse
1355 4049 1462 4112 «tetra

287 4150 427 4214 Altam».
483 4149 600 4234 Neque
632 4150 819 4236 quidquam
850 4151 891 4215 de
914 4150 1021 4217 Vellei
1052 4151 1119 4217 fide
1148 4152 1330 4218 detrahunt
1361 4151 1463 4217 verba

288 4260 389 4340 atque
410 4255 602 4336 locutiones,
628 4263 818 4342 quaesunt
844 4258 916 4337 105,
942 4259 977 4322 3:
1017 4261 1154 4324 «aestivo
1176 4260 1326 4324 immanis
1349 4259 1463 4324 emola-
