<?xml version="1.0" encoding="UTF-8"?>
<!DOCTYPE html PUBLIC "-//W3C//DTD XHTML 1.0 Transitional//EN"
    "http://www.w3.org/TR/xhtml1/DTD/xhtml1-transitional.dtd">
<html xmlns="http://www.w3.org/1999/xhtml" xml:lang="en" lang="en">
 <head>
  <title>
</title>
<meta http-equiv="Content-Type" content="text/html;charset=utf-8" />
  <meta name='ocr-system' content='tesseract 3.04.00' />
  <meta name='ocr-capabilities' content='ocr_page ocr_carea ocr_par ocr_line ocrx_word'/>
</head>
<body>
  <div class='ocr_page' id='page_1' title='image "./develleipatercu00fausgoog_0035.png"; bbox 0 0 3266 4918; ppageno 0'>
   <div class='ocr_carea' id='block_1_1' title="bbox 246 241 1425 2422">
    <p class='ocr_par' dir='ltr' id='par_1_1' title="bbox 246 241 1425 2422">
     <span class='ocr_line' id='line_1_1' title="bbox 720 241 942 305; baseline -0.005 -18"><span class='ocrx_word' id='word_1_1' title='bbox 720 277 764 287; x_wconf 89' lang='lat'>..</span> <span class='ocrx_word' id='word_1_2' title='bbox 810 241 851 305; x_wconf 76' lang='lat'>26</span> <span class='ocrx_word' id='word_1_3' title='bbox 897 275 942 286; x_wconf 88' lang='lat'>..</span> 
     </span>
     <span class='ocr_line' id='line_1_2' title="bbox 306 319 338 381; baseline 0 0"><span class='ocrx_word' id='word_1_4' title='bbox 306 319 338 381; x_wconf 67' lang='lat'>0</span> 
     </span>
     <span class='ocr_line' id='line_1_3' title="bbox 246 430 1418 520; baseline -0.009 -18"><span class='ocrx_word' id='word_1_5' title='bbox 246 434 444 515; x_wconf 77' lang='lat' dir='ltr'>succederet,</span> <span class='ocrx_word' id='word_1_6' title='bbox 475 433 722 513; x_wconf 79' lang='lat' dir='ltr'>contenderent,</span> <span class='ocrx_word' id='word_1_7' title='bbox 759 433 814 498; x_wconf 89' lang='lat' dir='ltr'>hie</span> <span class='ocrx_word' id='word_1_8' title='bbox 845 433 956 520; x_wconf 90' lang='lat' dir='ltr'>potius</span> <span class='ocrx_word' id='word_1_9' title='bbox 987 430 1160 516; x_wconf 90' lang='lat' dir='ltr'>aequalem</span> <span class='ocrx_word' id='word_1_10' title='bbox 1185 430 1290 496; x_wconf 90' lang='lat' dir='ltr'>civem</span> <span class='ocrx_word' id='word_1_11' title='bbox 1314 448 1418 514; x_wconf 89' lang='lat' dir='ltr'>quam</span> 
     </span>
     <span class='ocr_line' id='line_1_4' title="bbox 246 539 1418 626; baseline -0.007 -19"><span class='ocrx_word' id='word_1_12' title='bbox 246 542 448 607; x_wconf 86' lang='lat' dir='ltr'>eminentem</span> <span class='ocrx_word' id='word_1_13' title='bbox 478 540 662 626; x_wconf 85' lang='lat' dir='ltr'>principem</span> <span class='ocrx_word' id='word_1_14' title='bbox 694 560 790 625; x_wconf 84' lang='lat' dir='ltr'>agere</span> <span class='ocrx_word' id='word_1_15' title='bbox 818 540 926 606; x_wconf 90' lang='lat' dir='ltr'>vellet.</span> <span class='ocrx_word' id='word_1_16' title='bbox 972 539 1060 604; x_wconf 88' lang='lat' dir='ltr'>Nem</span> <span class='ocrx_word' id='word_1_17' title='bbox 1084 542 1117 602; x_wconf 89' lang='lat' dir='ltr'>et</span> <span class='ocrx_word' id='word_1_18' title='bbox 1139 541 1294 602; x_wconf 89' lang='lat' dir='ltr'>senatum</span> <span class='ocrx_word' id='word_1_19' title='bbox 1316 555 1418 621; x_wconf 91' lang='lat' dir='ltr'>popu·</span> 
     </span>
     <span class='ocr_line' id='line_1_5' title="bbox 246 639 1419 732; baseline -0.006 -21"><span class='ocrx_word' id='word_1_20' title='bbox 246 647 385 732; x_wconf 90' lang='lat' dir='ltr'>lumque</span> <span class='ocrx_word' id='word_1_21' title='bbox 415 647 609 711; x_wconf 87' lang='lat' dir='ltr'>Romanum</span> <span class='ocrx_word' id='word_1_22' title='bbox 644 651 719 730; x_wconf 90' lang='lat' dir='ltr'>post</span> <span class='ocrx_word' id='word_1_23' title='bbox 752 650 893 711; x_wconf 88' lang='lat' dir='ltr'>mortem</span> <span class='ocrx_word' id='word_1_24' title='bbox 929 644 1076 730; x_wconf 87' lang='lat' dir='ltr'>Augusti</span> <span class='ocrx_word' id='word_1_25' title='bbox 1109 643 1223 708; x_wconf 87' lang='lat' dir='ltr'>statim</span> <span class='ocrx_word' id='word_1_26' title='bbox 1251 642 1288 706; x_wconf 89' lang='lat' dir='ltr'>in</span> <span class='ocrx_word' id='word_1_27' title='bbox 1320 639 1419 708; x_wconf 91' lang='lat' dir='ltr'>verba</span> 
     </span>
     <span class='ocr_line' id='line_1_6' title="bbox 246 748 1419 837; baseline -0.005 -19"><span class='ocrx_word' id='word_1_28' title='bbox 246 753 370 818; x_wconf 90' lang='lat' dir='ltr'>Tiberii</span> <span class='ocrx_word' id='word_1_29' title='bbox 400 753 526 818; x_wconf 88' lang='lat' dir='ltr'>iurasse</span> <span class='ocrx_word' id='word_1_30' title='bbox 554 751 778 836; x_wconf 89' lang='lat' dir='ltr'>omnibusque</span> <span class='ocrx_word' id='word_1_31' title='bbox 802 752 954 837; x_wconf 90' lang='lat' dir='ltr'>precibus</span> <span class='ocrx_word' id='word_1_32' title='bbox 978 771 1065 829; x_wconf 89' lang='lat' dir='ltr'>eum,</span> <span class='ocrx_word' id='word_1_33' title='bbox 1089 755 1128 815; x_wconf 90' lang='lat' dir='ltr'>ut</span> <span class='ocrx_word' id='word_1_34' title='bbox 1150 748 1328 835; x_wconf 90' lang='lat' dir='ltr'>imperium</span> <span class='ocrx_word' id='word_1_35' title='bbox 1351 767 1419 812; x_wconf 88' lang='lat' dir='ltr'>sus-</span> 
     </span>
     <span class='ocr_line' id='line_1_7' title="bbox 247 854 1420 952; baseline -0.005 -28"><span class='ocrx_word' id='word_1_36' title='bbox 247 859 377 945; x_wconf 90' lang='lat' dir='ltr'>ciperet,</span> <span class='ocrx_word' id='word_1_37' title='bbox 402 879 511 924; x_wconf 89' lang='lat' dir='ltr'>orasse</span> <span class='ocrx_word' id='word_1_38' title='bbox 534 864 635 952; x_wconf 82' lang='lat' dir='ltr'>atque</span> <span class='ocrx_word' id='word_1_39' title='bbox 651 857 839 924; x_wconf 84' lang='lat' dir='ltr'>obsecrasse</span> <span class='ocrx_word' id='word_1_40' title='bbox 862 862 894 922; x_wconf 89' lang='lat' dir='ltr'>et</span> <span class='ocrx_word' id='word_1_41' title='bbox 909 856 1089 935; x_wconf 84' lang='lat' dir='ltr'>Tiberium,</span> <span class='ocrx_word' id='word_1_42' title='bbox 1113 875 1157 920; x_wconf 88' lang='lat' dir='ltr'>ne</span> <span class='ocrx_word' id='word_1_43' title='bbox 1172 854 1326 940; x_wconf 86' lang='lat' dir='ltr'>Augusto</span> <span class='ocrx_word' id='word_1_44' title='bbox 1349 873 1420 919; x_wconf 91' lang='lat' dir='ltr'>suc-</span> 
     </span>
     <span class='ocr_line' id='line_1_8' title="bbox 247 959 1419 1049; baseline -0.007 -18"><span class='ocrx_word' id='word_1_45' title='bbox 247 964 384 1044; x_wconf 82' lang='lat' dir='ltr'>cederet,</span> <span class='ocrx_word' id='word_1_46' title='bbox 421 1000 464 1010; x_wconf 91' lang='grc'>-</span> <span class='ocrx_word' id='word_1_47' title='bbox 488 963 642 1049; x_wconf 89' lang='lat' dir='ltr'>quamvis</span> <span class='ocrx_word' id='word_1_48' title='bbox 674 984 709 1028; x_wconf 90' lang='lat' dir='ltr'>re</span> <span class='ocrx_word' id='word_1_49' title='bbox 743 983 821 1030; x_wconf 89' lang='lat' dir='ltr'>vera</span> <span class='ocrx_word' id='word_1_50' title='bbox 855 962 1032 1048; x_wconf 87' lang='lat' dir='ltr'>imperium</span> <span class='ocrx_word' id='word_1_51' title='bbox 1064 960 1237 1046; x_wconf 86' lang='lat' dir='ltr'>repudiare</span> <span class='ocrx_word' id='word_1_52' title='bbox 1268 959 1419 1038; x_wconf 89' lang='lat' dir='ltr'>noluerit,</span> 
     </span>
     <span class='ocr_line' id='line_1_9' title="bbox 246 1065 1420 1146; baseline -0.006 -10"><span class='ocrx_word' id='word_1_53' title='bbox 246 1075 360 1136; x_wconf 88' lang='lat' dir='ltr'>tamen</span> <span class='ocrx_word' id='word_1_54' title='bbox 394 1107 433 1116; x_wconf 92' lang='lat'>-</span> <span class='ocrx_word' id='word_1_55' title='bbox 465 1069 669 1135; x_wconf 84' lang='lat' dir='ltr'>recusavisse</span> <span class='ocrx_word' id='word_1_56' title='bbox 691 1074 791 1134; x_wconf 87' lang='lat' dir='ltr'>testes</span> <span class='ocrx_word' id='word_1_57' title='bbox 814 1075 894 1134; x_wconf 88' lang='lat' dir='ltr'>sunt</span> <span class='ocrx_word' id='word_1_58' title='bbox 913 1067 1048 1133; x_wconf 83' lang='lat' dir='ltr'>Tacitus</span> <span class='ocrx_word' id='word_1_59' title='bbox 1072 1068 1097 1146; x_wconf 99' lang='grc' dir='ltr'>Ι,</span> <span class='ocrx_word' id='word_1_60' title='bbox 1117 1068 1145 1130; x_wconf 80' lang='grc'>7.</span> <span class='ocrx_word' id='word_1_61' title='bbox 1165 1067 1216 1146; x_wconf 84' lang='grc'>13,</span> <span class='ocrx_word' id='word_1_62' title='bbox 1242 1065 1420 1130; x_wconf 85' lang='lat' dir='ltr'>Suetonius</span> 
     </span>
     <span class='ocr_line' id='line_1_10' title="bbox 246 1171 1421 1258; baseline -0.004 -17"><span class='ocrx_word' id='word_1_63' title='bbox 246 1175 320 1242; x_wconf 85' lang='lat' dir='ltr'>Tib.</span> <span class='ocrx_word' id='word_1_64' title='bbox 346 1175 399 1254; x_wconf 83' lang='lat'>24,</span> <span class='ocrx_word' id='word_1_65' title='bbox 423 1175 486 1240; x_wconf 94' lang='lat' dir='ltr'>Dio</span> <span class='ocrx_word' id='word_1_66' title='bbox 510 1175 563 1253; x_wconf 78' lang='lat'>57,</span> <span class='ocrx_word' id='word_1_67' title='bbox 588 1175 618 1239; x_wconf 83' lang='lat'>3.</span> <span class='ocrx_word' id='word_1_68' title='bbox 666 1173 731 1238; x_wconf 86' lang='lat' dir='ltr'>Sed</span> <span class='ocrx_word' id='word_1_69' title='bbox 764 1173 953 1258; x_wconf 89' lang='lat' dir='ltr'>discrepant</span> <span class='ocrx_word' id='word_1_70' title='bbox 985 1171 1155 1237; x_wconf 87' lang='lat' dir='ltr'>aVelleio</span> <span class='ocrx_word' id='word_1_71' title='bbox 1178 1172 1350 1237; x_wconf 91' lang='lat' dir='ltr'>Tiberium</span> <span class='ocrx_word' id='word_1_72' title='bbox 1372 1191 1421 1236; x_wconf 87' lang='lat' dir='ltr'>re·</span> 
     </span>
     <span class='ocr_line' id='line_1_11' title="bbox 247 1279 1420 1366; baseline -0.004 -20"><span class='ocrx_word' id='word_1_73' title='bbox 247 1281 372 1366; x_wconf 86' lang='lat' dir='ltr'>cepisse</span> <span class='ocrx_word' id='word_1_74' title='bbox 386 1280 564 1366; x_wconf 90' lang='lat' dir='ltr'>imperium</span> <span class='ocrx_word' id='word_1_75' title='bbox 581 1279 745 1344; x_wconf 85' lang='lat' dir='ltr'>scribente</span> <span class='ocrx_word' id='word_1_76' title='bbox 771 1281 892 1362; x_wconf 72' lang='lat' dir='ltr'>«caepis</span> <span class='ocrx_word' id='word_1_77' title='bbox 907 1280 1031 1344; x_wconf 77' lang='lat' dir='ltr'>ratione</span> <span class='ocrx_word' id='word_1_78' title='bbox 1046 1300 1141 1360; x_wconf 79' lang='lat' dir='ltr'>quom</span> <span class='ocrx_word' id='word_1_79' title='bbox 1158 1280 1273 1344; x_wconf 78' lang='lat' dir='ltr'>tortore</span> <span class='ocrx_word' id='word_1_80' title='bbox 1295 1280 1420 1356; x_wconf 77' lang='lat' dir='ltr'>victum,</span> 
     </span>
     <span class='ocr_line' id='line_1_12' title="bbox 248 1385 1422 1469; baseline -0.005 -17"><span class='ocrx_word' id='word_1_81' title='bbox 248 1409 318 1462; x_wconf 80' lang='lat' dir='ltr'>cam</span> <span class='ocrx_word' id='word_1_82' title='bbox 350 1387 507 1469; x_wconf 77' lang='lat' dir='ltr'>quidquid</span> <span class='ocrx_word' id='word_1_83' title='bbox 538 1387 689 1451; x_wconf 76' lang='lat' dir='ltr'>tuendam</span> <span class='ocrx_word' id='word_1_84' title='bbox 716 1406 780 1450; x_wconf 78' lang='lat' dir='ltr'>coa</span> <span class='ocrx_word' id='word_1_85' title='bbox 801 1386 995 1466; x_wconf 80' lang='lat' dir='ltr'>suscepisset,</span> <span class='ocrx_word' id='word_1_86' title='bbox 1018 1385 1203 1464; x_wconf 79' lang='lat' dir='ltr'>perituram</span> <span class='ocrx_word' id='word_1_87' title='bbox 1226 1385 1363 1448; x_wconf 80' lang='lat' dir='ltr'>videret»</span> <span class='ocrx_word' id='word_1_88' title='bbox 1388 1387 1422 1447; x_wconf 89' lang='lat' dir='ltr'>et</span> 
     </span>
     <span class='ocr_line' id='line_1_13' title="bbox 247 1483 1421 1574; baseline -0.005 -16"><span class='ocrx_word' id='word_1_89' title='bbox 247 1492 426 1558; x_wconf 82' lang='lat' dir='ltr'>Suetonius</span> <span class='ocrx_word' id='word_1_90' title='bbox 458 1496 491 1557; x_wconf 88' lang='lat' dir='ltr'>et</span> <span class='ocrx_word' id='word_1_91' title='bbox 522 1490 657 1556; x_wconf 78' lang='lat' dir='ltr'>Tacitus</span> <span class='ocrx_word' id='word_1_92' title='bbox 689 1495 722 1554; x_wconf 89' lang='lat' dir='ltr'>et</span> <span class='ocrx_word' id='word_1_93' title='bbox 755 1489 826 1555; x_wconf 92' lang='lat' dir='ltr'>Dio.</span> <span class='ocrx_word' id='word_1_94' title='bbox 882 1488 1016 1554; x_wconf 84' lang='lat' dir='ltr'>Etenim</span> <span class='ocrx_word' id='word_1_95' title='bbox 1046 1487 1225 1554; x_wconf 84' lang='lat' dir='ltr'>Suetonius</span> <span class='ocrx_word' id='word_1_96' title='bbox 1257 1485 1341 1574; x_wconf 81' lang='lat' dir='ltr'>(Tib.</span> <span class='ocrx_word' id='word_1_97' title='bbox 1367 1483 1421 1572; x_wconf 77' lang='lat'>25)</span> 
     </span>
     <span class='ocr_line' id='line_1_14' title="bbox 248 1593 1422 1682; baseline -0.005 -18"><span class='ocrx_word' id='word_1_98' title='bbox 248 1598 419 1664; x_wconf 79' lang='lat' dir='ltr'>Tiberium</span> <span class='ocrx_word' id='word_1_99' title='bbox 450 1596 588 1664; x_wconf 88' lang='lat' dir='ltr'>avidum</span> <span class='ocrx_word' id='word_1_100' title='bbox 620 1597 723 1662; x_wconf 91' lang='lat' dir='ltr'>fuisse</span> <span class='ocrx_word' id='word_1_101' title='bbox 745 1596 951 1682; x_wconf 90' lang='lat' dir='ltr'>principatus</span> <span class='ocrx_word' id='word_1_102' title='bbox 974 1595 1161 1682; x_wconf 88' lang='lat' dir='ltr'>occupandi</span> <span class='ocrx_word' id='word_1_103' title='bbox 1182 1593 1292 1659; x_wconf 90' lang='lat' dir='ltr'>reddit</span> <span class='ocrx_word' id='word_1_104' title='bbox 1313 1614 1422 1678; x_wconf 89' lang='lat' dir='ltr'>neque</span> 
     </span>
     <span class='ocr_line' id='line_1_15' title="bbox 248 1702 1420 1794; baseline -0.006 -24"><span class='ocrx_word' id='word_1_105' title='bbox 248 1709 443 1771; x_wconf 89' lang='lat' dir='ltr'>cunctatum</span> <span class='ocrx_word' id='word_1_106' title='bbox 478 1723 555 1794; x_wconf 17' lang='lat' dir='ltr'>esse·</span> <span class='ocrx_word' id='word_1_107' title='bbox 583 1702 648 1767; x_wconf 91' lang='lat' dir='ltr'>nisi</span> <span class='ocrx_word' id='word_1_108' title='bbox 686 1702 729 1767; x_wconf 91' lang='lat' dir='ltr'>ob</span> <span class='ocrx_word' id='word_1_109' title='bbox 773 1703 981 1768; x_wconf 75' lang='lat' dir='ltr'>«discrimino</span> <span class='ocrx_word' id='word_1_110' title='bbox 1014 1704 1154 1784; x_wconf 75' lang='lat' dir='ltr'>undique</span> <span class='ocrx_word' id='word_1_111' title='bbox 1190 1702 1420 1765; x_wconf 73' lang='lat' dir='ltr'>immineatis».</span> 
     </span>
     <span class='ocr_line' id='line_1_16' title="bbox 248 1804 1425 1892; baseline -0.004 -18"><span class='ocrx_word' id='word_1_112' title='bbox 248 1809 401 1886; x_wconf 80' lang='lat' dir='ltr'>Quorum</span> <span class='ocrx_word' id='word_1_113' title='bbox 430 1807 662 1873; x_wconf 89' lang='lat' dir='ltr'>discriminum</span> <span class='ocrx_word' id='word_1_114' title='bbox 685 1806 781 1872; x_wconf 88' lang='lat' dir='ltr'>affert</span> <span class='ocrx_word' id='word_1_115' title='bbox 803 1811 976 1892; x_wconf 78' lang='lat' dir='ltr'>quattuor:</span> <span class='ocrx_word' id='word_1_116' title='bbox 1011 1828 1119 1872; x_wconf 91' lang='lat' dir='ltr'>unum</span> <span class='ocrx_word' id='word_1_117' title='bbox 1143 1806 1234 1891; x_wconf 91' lang='lat' dir='ltr'>quod</span> <span class='ocrx_word' id='word_1_118' title='bbox 1258 1804 1425 1884; x_wconf 84' lang='lat' dir='ltr'>Clemens,</span> 
     </span>
     <span class='ocr_line' id='line_1_17' title="bbox 248 1911 1422 2000; baseline -0.007 -18"><span class='ocrx_word' id='word_1_119' title='bbox 248 1936 363 1982; x_wconf 88' lang='lat' dir='ltr'>servus</span> <span class='ocrx_word' id='word_1_120' title='bbox 394 1914 571 2000; x_wconf 87' lang='lat' dir='ltr'>Agrippae,</span> <span class='ocrx_word' id='word_1_121' title='bbox 604 1934 746 1979; x_wconf 87' lang='lat' dir='ltr'>manum</span> <span class='ocrx_word' id='word_1_122' title='bbox 778 1934 848 1978; x_wconf 92' lang='lat' dir='ltr'>non</span> <span class='ocrx_word' id='word_1_123' title='bbox 880 1911 1160 1978; x_wconf 88' lang='lat' dir='ltr'>contemnendam</span> <span class='ocrx_word' id='word_1_124' title='bbox 1192 1912 1229 1975; x_wconf 90' lang='lat' dir='ltr'>in</span> <span class='ocrx_word' id='word_1_125' title='bbox 1260 1911 1422 1977; x_wconf 90' lang='lat' dir='ltr'>ultionem</span> 
     </span>
     <span class='ocr_line' id='line_1_18' title="bbox 248 2017 1423 2105; baseline -0.005 -18"><span class='ocrx_word' id='word_1_126' title='bbox 248 2020 376 2087; x_wconf 90' lang='lat' dir='ltr'>domini</span> <span class='ocrx_word' id='word_1_127' title='bbox 399 2019 646 2105; x_wconf 89' lang='lat' dir='ltr'>comparaverit,</span> <span class='ocrx_word' id='word_1_128' title='bbox 685 2019 825 2084; x_wconf 88' lang='lat' dir='ltr'>alterum</span> <span class='ocrx_word' id='word_1_129' title='bbox 849 2018 940 2104; x_wconf 89' lang='lat' dir='ltr'>quod</span> <span class='ocrx_word' id='word_1_130' title='bbox 963 2019 1000 2084; x_wconf 88' lang='lat' dir='ltr'>L.</span> <span class='ocrx_word' id='word_1_131' title='bbox 1032 2017 1224 2083; x_wconf 86' lang='lat' dir='ltr'>Scribonius</span> <span class='ocrx_word' id='word_1_132' title='bbox 1257 2017 1341 2082; x_wconf 90' lang='lat' dir='ltr'>Libo</span> <span class='ocrx_word' id='word_1_133' title='bbox 1370 2036 1423 2081; x_wconf 89' lang='lat' dir='ltr'>res</span> 
     </span>
     <span class='ocr_line' id='line_1_19' title="bbox 248 2120 1423 2209; baseline -0.005 -17"><span class='ocrx_word' id='word_1_134' title='bbox 248 2147 353 2194; x_wconf 86' lang='lat' dir='ltr'>novas</span> <span class='ocrx_word' id='word_1_135' title='bbox 377 2127 463 2191; x_wconf 91' lang='lat' dir='ltr'>clam</span> <span class='ocrx_word' id='word_1_136' title='bbox 487 2125 529 2190; x_wconf 92' lang='lat' dir='ltr'>sit</span> <span class='ocrx_word' id='word_1_137' title='bbox 551 2125 697 2204; x_wconf 77' lang='lat' dir='ltr'>molitae,</span> <span class='ocrx_word' id='word_1_138' title='bbox 728 2125 865 2190; x_wconf 84' lang='lat' dir='ltr'>tertium</span> <span class='ocrx_word' id='word_1_139' title='bbox 888 2123 979 2209; x_wconf 90' lang='lat' dir='ltr'>quod</span> <span class='ocrx_word' id='word_1_140' title='bbox 1002 2123 1128 2209; x_wconf 85' lang='lat' dir='ltr'>duplex</span> <span class='ocrx_word' id='word_1_141' title='bbox 1150 2123 1267 2188; x_wconf 89' lang='lat' dir='ltr'>seditio</span> <span class='ocrx_word' id='word_1_142' title='bbox 1290 2121 1327 2187; x_wconf 93' lang='lat' dir='ltr'>in</span> <span class='ocrx_word' id='word_1_143' title='bbox 1348 2120 1423 2206; x_wconf 86' lang='lat' dir='ltr'>llly-</span> 
     </span>
     <span class='ocr_line' id='line_1_20' title="bbox 248 2227 1423 2314; baseline -0.004 -17"><span class='ocrx_word' id='word_1_144' title='bbox 248 2233 317 2299; x_wconf 88' lang='lat' dir='ltr'>rico</span> <span class='ocrx_word' id='word_1_145' title='bbox 357 2237 389 2297; x_wconf 91' lang='lat' dir='ltr'>et</span> <span class='ocrx_word' id='word_1_146' title='bbox 426 2232 463 2296; x_wconf 92' lang='lat' dir='ltr'>in</span> <span class='ocrx_word' id='word_1_147' title='bbox 502 2231 682 2296; x_wconf 86' lang='lat' dir='ltr'>Germania</span> <span class='ocrx_word' id='word_1_148' title='bbox 725 2236 840 2296; x_wconf 84' lang='lat' dir='ltr'>exorta</span> <span class='ocrx_word' id='word_1_149' title='bbox 873 2230 930 2309; x_wconf 91' lang='lat' dir='ltr'>sit,</span> <span class='ocrx_word' id='word_1_150' title='bbox 965 2235 1122 2314; x_wconf 88' lang='lat' dir='ltr'>quartum</span> <span class='ocrx_word' id='word_1_151' title='bbox 1153 2228 1244 2314; x_wconf 93' lang='lat' dir='ltr'>quod</span> <span class='ocrx_word' id='word_1_152' title='bbox 1271 2227 1423 2293; x_wconf 82' lang='lat' dir='ltr'>&#39;Tiberius</span> 
     </span>
     <span class='ocr_line' id='line_1_21' title="bbox 249 2333 1421 2422; baseline -0.005 -19"><span class='ocrx_word' id='word_1_153' title='bbox 249 2338 407 2418; x_wconf 84' lang='lat' dir='ltr'>timuerit,</span> <span class='ocrx_word' id='word_1_154' title='bbox 437 2359 481 2402; x_wconf 94' lang='lat' dir='ltr'>ne</span> <span class='ocrx_word' id='word_1_155' title='bbox 511 2337 731 2402; x_wconf 85' lang='lat' dir='ltr'>Germanicus</span> <span class='ocrx_word' id='word_1_156' title='bbox 763 2335 1004 2422; x_wconf 85' lang='lat' dir='ltr'>alegionibus,</span> <span class='ocrx_word' id='word_1_157' title='bbox 1039 2340 1079 2399; x_wconf 94' lang='lat' dir='ltr'>ut</span> <span class='ocrx_word' id='word_1_158' title='bbox 1108 2355 1219 2399; x_wconf 89' lang='lat' dir='ltr'>rerum</span> <span class='ocrx_word' id='word_1_159' title='bbox 1252 2333 1421 2419; x_wconf 87' lang='lat' dir='ltr'>potiretur,</span> 
     </span>
    </p>
   </div>
   <div class='ocr_carea' id='block_1_2' title="bbox 216 2440 1425 2954">
    <p class='ocr_par' dir='ltr' id='par_1_2' title="bbox 216 2440 1425 2954">
     <span class='ocr_line' id='line_1_22' title="bbox 249 2440 1423 2529; baseline -0.007 -20"><span class='ocrx_word' id='word_1_160' title='bbox 249 2450 385 2529; x_wconf 85' lang='lat' dir='ltr'>rogatus</span> <span class='ocrx_word' id='word_1_161' title='bbox 419 2443 644 2529; x_wconf 88' lang='lat' dir='ltr'>principatum</span> <span class='ocrx_word' id='word_1_162' title='bbox 674 2442 852 2508; x_wconf 87' lang='lat' dir='ltr'>affectaret.</span> <span class='ocrx_word' id='word_1_163' title='bbox 905 2440 1041 2506; x_wconf 89' lang='lat' dir='ltr'>Tacitus</span> <span class='ocrx_word' id='word_1_164' title='bbox 1073 2447 1187 2505; x_wconf 88' lang='lat' dir='ltr'>autem</span> <span class='ocrx_word' id='word_1_165' title='bbox 1218 2459 1323 2524; x_wconf 89' lang='lat' dir='ltr'>aeque</span> <span class='ocrx_word' id='word_1_166' title='bbox 1354 2459 1423 2502; x_wconf 89' lang='lat' dir='ltr'>non</span> 
     </span>
     <span class='ocr_line' id='line_1_23' title="bbox 250 2544 1424 2635; baseline -0.007 -20"><span class='ocrx_word' id='word_1_167' title='bbox 250 2550 383 2616; x_wconf 90' lang='lat' dir='ltr'>dubitat</span> <span class='ocrx_word' id='word_1_168' title='bbox 411 2555 512 2635; x_wconf 87' lang='lat' dir='ltr'>atque</span> <span class='ocrx_word' id='word_1_169' title='bbox 541 2549 737 2628; x_wconf 87' lang='lat' dir='ltr'>Suetonius,</span> <span class='ocrx_word' id='word_1_170' title='bbox 773 2547 857 2632; x_wconf 92' lang='lat' dir='ltr'>quin</span> <span class='ocrx_word' id='word_1_171' title='bbox 891 2546 1044 2612; x_wconf 80' lang='lat' dir='ltr'>&#39;liberius</span> <span class='ocrx_word' id='word_1_172' title='bbox 1078 2545 1291 2612; x_wconf 89' lang='lat' dir='ltr'>avidissimus</span> <span class='ocrx_word' id='word_1_173' title='bbox 1326 2544 1424 2608; x_wconf 87' lang='lat' dir='ltr'>fuerit</span> 
     </span>
     <span class='ocr_line' id='line_1_24' title="bbox 216 2649 1424 2742; baseline -0.007 -21"><span class='ocrx_word' id='word_1_174' title='bbox 216 2683 217 2688; x_wconf 42' lang='lat'>¹</span> <span class='ocrx_word' id='word_1_175' title='bbox 250 2654 414 2742; x_wconf 87' lang='lat' dir='ltr'>regnandi</span> <span class='ocrx_word' id='word_1_176' title='bbox 435 2651 525 2740; x_wconf 90' lang='lat' dir='ltr'>(ann.</span> <span class='ocrx_word' id='word_1_177' title='bbox 549 2654 576 2734; x_wconf 92' lang='lat' dir='ltr'>I,</span> <span class='ocrx_word' id='word_1_178' title='bbox 603 2656 632 2719; x_wconf 80' lang='lat'>7.</span> <span class='ocrx_word' id='word_1_179' title='bbox 659 2657 694 2719; x_wconf 84' lang='lat'>11</span> <span class='ocrx_word' id='word_1_180' title='bbox 717 2651 817 2739; x_wconf 87' lang='lat' dir='ltr'>sqq.);</span> <span class='ocrx_word' id='word_1_181' title='bbox 853 2673 971 2720; x_wconf 88' lang='lat' dir='ltr'>verum</span> <span class='ocrx_word' id='word_1_182' title='bbox 995 2672 1073 2716; x_wconf 88' lang='lat' dir='ltr'>eum</span> <span class='ocrx_word' id='word_1_183' title='bbox 1095 2651 1185 2717; x_wconf 87' lang='lat' dir='ltr'>hanc</span> <span class='ocrx_word' id='word_1_184' title='bbox 1208 2649 1424 2736; x_wconf 87' lang='lat' dir='ltr'>cupiditatem</span> 
     </span>
     <span class='ocr_line' id='line_1_25' title="bbox 250 2755 1424 2843; baseline -0.007 -16"><span class='ocrx_word' id='word_1_185' title='bbox 250 2761 511 2828; x_wconf 88' lang='lat' dir='ltr'>dissimulavisse</span> <span class='ocrx_word' id='word_1_186' title='bbox 545 2760 659 2826; x_wconf 88' lang='lat' dir='ltr'>scribit</span> <span class='ocrx_word' id='word_1_187' title='bbox 690 2761 798 2827; x_wconf 89' lang='lat' dir='ltr'>varias</span> <span class='ocrx_word' id='word_1_188' title='bbox 828 2759 871 2825; x_wconf 92' lang='lat' dir='ltr'>ob</span> <span class='ocrx_word' id='word_1_189' title='bbox 904 2777 1031 2837; x_wconf 87' lang='lat' dir='ltr'>causas,</span> <span class='ocrx_word' id='word_1_190' title='bbox 1067 2777 1212 2843; x_wconf 89' lang='lat' dir='ltr'>quarum</span> <span class='ocrx_word' id='word_1_191' title='bbox 1241 2755 1337 2821; x_wconf 87' lang='lat' dir='ltr'>affert</span> <span class='ocrx_word' id='word_1_192' title='bbox 1359 2761 1424 2820; x_wconf 89' lang='lat' dir='ltr'>tres</span> 
     </span>
     <span class='ocr_line' id='line_1_26' title="bbox 251 2864 1425 2954; baseline -0.005 -22"><span class='ocrx_word' id='word_1_193' title='bbox 251 2866 287 2954; x_wconf 90' lang='grc' dir='ltr'>(Ι,</span> <span class='ocrx_word' id='word_1_194' title='bbox 313 2866 361 2954; x_wconf 73' lang='lat' dir='ltr'>ll:</span> <span class='ocrx_word' id='word_1_195' title='bbox 402 2889 519 2933; x_wconf 77' lang='lat' dir='ltr'>«causo</span> <span class='ocrx_word' id='word_1_196' title='bbox 547 2869 727 2948; x_wconf 71' lang='lat' dir='ltr'>praecepero</span> <span class='ocrx_word' id='word_1_197' title='bbox 762 2888 800 2932; x_wconf 81' lang='lat' dir='ltr'>ec</span> <span class='ocrx_word' id='word_1_198' title='bbox 829 2867 1047 2947; x_wconf 79' lang='lat' dir='ltr'>formitudiae,</span> <span class='ocrx_word' id='word_1_199' title='bbox 1082 2885 1122 2930; x_wconf 80' lang='lat' dir='ltr'>ae</span> <span class='ocrx_word' id='word_1_200' title='bbox 1146 2864 1366 2941; x_wconf 77' lang='lat' dir='ltr'>Germanicas,</span> <span class='ocrx_word' id='word_1_201' title='bbox 1390 2864 1425 2927; x_wconf 78' lang='lat' dir='ltr'>in</span> 
     </span>
    </p>
   </div>
   <div class='ocr_carea' id='block_1_3' title="bbox 252 2974 1460 3161">
    <p class='ocr_par' dir='ltr' id='par_1_3' title="bbox 252 2974 1460 3161">
     <span class='ocr_line' id='line_1_27' title="bbox 252 2974 1460 3057; baseline -0.009 -17"><span class='ocrx_word' id='word_1_202' title='bbox 252 2977 343 3040; x_wconf 80' lang='lat' dir='ltr'>cuius</span> <span class='ocrx_word' id='word_1_203' title='bbox 365 2996 463 3039; x_wconf 77' lang='lat' dir='ltr'>morra</span> <span class='ocrx_word' id='word_1_204' title='bbox 487 2981 530 3040; x_wconf 89' lang='lat' dir='ltr'>tot</span> <span class='ocrx_word' id='word_1_205' title='bbox 552 2976 685 3057; x_wconf 75' lang='lat' dir='ltr'>lepioaes</span> <span class='ocrx_word' id='word_1_206' title='bbox 703 3024 708 3037; x_wconf 94' lang='lat'>.</span> <span class='ocrx_word' id='word_1_207' title='bbox 795 2975 908 3039; x_wconf 81' lang='lat' dir='ltr'>tabere</span> <span class='ocrx_word' id='word_1_208' title='bbox 939 2974 1110 3053; x_wconf 76' lang='lat' dir='ltr'>imperium</span> <span class='ocrx_word' id='word_1_209' title='bbox 1140 2993 1235 3053; x_wconf 69' lang='lat' dir='ltr'>cecam</span> <span class='ocrx_word' id='word_1_210' title='bbox 1264 2975 1426 3050; x_wconf 72' lang='lat' dir='ltr'>aspectare</span> <span class='ocrx_word' id='word_1_211' title='bbox 1457 3024 1460 3029; x_wconf 90' lang='lat'>.</span> 
     </span>
     <span class='ocr_line' id='line_1_28' title="bbox 252 3076 1425 3161; baseline -0.005 -15"><span class='ocrx_word' id='word_1_212' title='bbox 252 3082 366 3146; x_wconf 83' lang='lat' dir='ltr'>mallet.</span> <span class='ocrx_word' id='word_1_213' title='bbox 403 3082 499 3145; x_wconf 83' lang='lat' dir='ltr'>dotat</span> <span class='ocrx_word' id='word_1_214' title='bbox 522 3087 550 3146; x_wconf 91' lang='lat' dir='ltr'>et</span> <span class='ocrx_word' id='word_1_215' title='bbox 562 3081 679 3161; x_wconf 81' lang='lat' dir='ltr'>famae,</span> <span class='ocrx_word' id='word_1_216' title='bbox 696 3087 732 3146; x_wconf 82' lang='lat' dir='ltr'>at</span> <span class='ocrx_word' id='word_1_217' title='bbox 747 3086 874 3145; x_wconf 82' lang='lat' dir='ltr'>vocotus</span> <span class='ocrx_word' id='word_1_218' title='bbox 891 3080 1063 3161; x_wconf 80' lang='lat' dir='ltr'>electasque</span> <span class='ocrx_word' id='word_1_219' title='bbox 1079 3078 1227 3159; x_wconf 78' lang='lat' dir='ltr'>potiasc</span> <span class='ocrx_word' id='word_1_220' title='bbox 1250 3098 1285 3142; x_wconf 89' lang='lat' dir='ltr'>re</span> <span class='ocrx_word' id='word_1_221' title='bbox 1294 3076 1425 3156; x_wconf 78' lang='lat' dir='ltr'>publica</span> 
     </span>
    </p>
   </div>
   <div class='ocr_carea' id='block_1_4' title="bbox 163 3181 1425 3268">
    <p class='ocr_par' dir='ltr' id='par_1_4' title="bbox 163 3181 1425 3268">
     <span class='ocr_line' id='line_1_29' title="bbox 163 3181 1425 3268; baseline -0.005 -17"><span class='ocrx_word' id='word_1_222' title='bbox 163 3205 167 3214; x_wconf 87' lang='lat'><strong>·</strong></span> <span class='ocrx_word' id='word_1_223' title='bbox 252 3188 422 3264; x_wconf 79' lang='lat' dir='ltr'>videretur,</span> <span class='ocrx_word' id='word_1_224' title='bbox 459 3207 554 3268; x_wconf 78' lang='lat' dir='ltr'>qaam</span> <span class='ocrx_word' id='word_1_225' title='bbox 571 3207 634 3266; x_wconf 75' lang='lat' dir='ltr'>per</span> <span class='ocrx_word' id='word_1_226' title='bbox 665 3187 815 3251; x_wconf 74' lang='lat' dir='ltr'>scorium</span> <span class='ocrx_word' id='word_1_227' title='bbox 844 3185 997 3250; x_wconf 81' lang='lat' dir='ltr'>ambitum</span> <span class='ocrx_word' id='word_1_228' title='bbox 1021 3191 1049 3248; x_wconf 92' lang='lat' dir='ltr'>et</span> <span class='ocrx_word' id='word_1_229' title='bbox 1071 3184 1166 3248; x_wconf 77' lang='lat' dir='ltr'>senili</span> <span class='ocrx_word' id='word_1_230' title='bbox 1189 3183 1355 3262; x_wconf 77' lang='lat' dir='ltr'>adoptione</span> <span class='ocrx_word' id='word_1_231' title='bbox 1376 3181 1425 3245; x_wconf 81' lang='lat' dir='ltr'>ia-</span> 
     </span>
    </p>
   </div>
   <div class='ocr_carea' id='block_1_5' title="bbox 252 3290 1428 4328">
    <p class='ocr_par' dir='ltr' id='par_1_5' title="bbox 252 3290 1427 3799">
     <span class='ocr_line' id='line_1_30' title="bbox 252 3290 1426 3374; baseline -0.005 -18"><span class='ocrx_word' id='word_1_232' title='bbox 252 3295 396 3373; x_wconf 78' lang='lat' dir='ltr'>repsisse.</span> <span class='ocrx_word' id='word_1_233' title='bbox 429 3298 541 3372; x_wconf 79' lang='lat' dir='ltr'>postea</span> <span class='ocrx_word' id='word_1_234' title='bbox 565 3293 720 3374; x_wconf 73' lang='lat' dir='ltr'>copattara</span> <span class='ocrx_word' id='word_1_235' title='bbox 737 3297 782 3356; x_wconf 89' lang='lat' dir='ltr'>cst</span> <span class='ocrx_word' id='word_1_236' title='bbox 796 3291 840 3356; x_wconf 85' lang='lat' dir='ltr'>od</span> <span class='ocrx_word' id='word_1_237' title='bbox 854 3290 1120 3371; x_wconf 77' lang='lat' dir='ltr'>introspiciendus</span> <span class='ocrx_word' id='word_1_238' title='bbox 1144 3290 1239 3354; x_wconf 84' lang='lat' dir='ltr'>etiam</span> <span class='ocrx_word' id='word_1_239' title='bbox 1255 3307 1426 3367; x_wconf 81' lang='lat' dir='ltr'>proceram</span> 
     </span>
     <span class='ocr_line' id='line_1_31' title="bbox 253 3395 1427 3474; baseline -0.004 -13"><span class='ocrx_word' id='word_1_240' title='bbox 253 3399 426 3463; x_wconf 76' lang='lat' dir='ltr'>voluntates</span> <span class='ocrx_word' id='word_1_241' title='bbox 447 3398 610 3461; x_wconf 78' lang='lat' dir='ltr'>inductam</span> <span class='ocrx_word' id='word_1_242' title='bbox 634 3398 873 3462; x_wconf 75' lang='lat' dir='ltr'>dubitationem:</span> <span class='ocrx_word' id='word_1_243' title='bbox 897 3418 973 3461; x_wconf 77' lang='lat' dir='ltr'>nom</span> <span class='ocrx_word' id='word_1_244' title='bbox 995 3396 1098 3474; x_wconf 82' lang='lat' dir='ltr'>cerba,</span> <span class='ocrx_word' id='word_1_245' title='bbox 1122 3395 1228 3460; x_wconf 78' lang='lat' dir='ltr'>uultus</span> <span class='ocrx_word' id='word_1_246' title='bbox 1250 3395 1286 3458; x_wconf 78' lang='lat' dir='ltr'>ire</span> <span class='ocrx_word' id='word_1_247' title='bbox 1308 3395 1427 3457; x_wconf 79' lang='lat' dir='ltr'>crimen</span> 
     </span>
     <span class='ocr_line' id='line_1_32' title="bbox 254 3497 1426 3585; baseline -0.005 -18"><span class='ocrx_word' id='word_1_248' title='bbox 254 3504 447 3585; x_wconf 79' lang='lat' dir='ltr'>detorqueas,</span> <span class='ocrx_word' id='word_1_249' title='bbox 472 3503 686 3568; x_wconf 74' lang='lat' dir='ltr'>recondebat».</span> <span class='ocrx_word' id='word_1_250' title='bbox 721 3501 816 3578; x_wconf 79' lang='lat' dir='ltr'>Quae</span> <span class='ocrx_word' id='word_1_251' title='bbox 839 3500 985 3578; x_wconf 89' lang='lat' dir='ltr'>Tacitus,</span> <span class='ocrx_word' id='word_1_252' title='bbox 1010 3497 1127 3566; x_wconf 89' lang='lat' dir='ltr'>eadem</span> <span class='ocrx_word' id='word_1_253' title='bbox 1146 3499 1213 3564; x_wconf 90' lang='lat' dir='ltr'>fere</span> <span class='ocrx_word' id='word_1_254' title='bbox 1235 3497 1343 3563; x_wconf 89' lang='lat' dir='ltr'>reddit</span> <span class='ocrx_word' id='word_1_255' title='bbox 1363 3497 1426 3562; x_wconf 91' lang='lat' dir='ltr'>Dio</span> 
     </span>
     <span class='ocr_line' id='line_1_33' title="bbox 253 3593 1426 3694; baseline -0.003 -22"><span class='ocrx_word' id='word_1_256' title='bbox 253 3605 318 3694; x_wconf 79' lang='lat'>(57,</span> <span class='ocrx_word' id='word_1_257' title='bbox 343 3605 385 3692; x_wconf 84' lang='lat'>3),</span> <span class='ocrx_word' id='word_1_258' title='bbox 409 3607 533 3693; x_wconf 91' lang='lat' dir='ltr'>quippe</span> <span class='ocrx_word' id='word_1_259' title='bbox 557 3628 634 3672; x_wconf 91' lang='lat' dir='ltr'>cum</span> <span class='ocrx_word' id='word_1_260' title='bbox 658 3606 803 3672; x_wconf 87' lang='lat' dir='ltr'>eundem</span> <span class='ocrx_word' id='word_1_261' title='bbox 831 3627 931 3690; x_wconf 90' lang='lat' dir='ltr'>quem</span> <span class='ocrx_word' id='word_1_262' title='bbox 959 3593 1014 3671; x_wconf 86' lang='lat' dir='ltr'>ille</span> <span class='ocrx_word' id='word_1_263' title='bbox 1037 3606 1164 3671; x_wconf 86' lang='lat' dir='ltr'>fontem</span> <span class='ocrx_word' id='word_1_264' title='bbox 1193 3605 1230 3670; x_wconf 92' lang='lat' dir='ltr'>in</span> <span class='ocrx_word' id='word_1_265' title='bbox 1252 3604 1305 3668; x_wconf 92' lang='lat' dir='ltr'>his</span> <span class='ocrx_word' id='word_1_266' title='bbox 1327 3603 1426 3669; x_wconf 88' lang='lat' dir='ltr'>rebus</span> 
     </span>
     <span class='ocr_line' id='line_1_34' title="bbox 254 3707 1135 3799; baseline -0.002 -21"><span class='ocrx_word' id='word_1_267' title='bbox 254 3712 459 3799; x_wconf 86' lang='lat' dir='ltr'>explicandis</span> <span class='ocrx_word' id='word_1_268' title='bbox 482 3711 689 3798; x_wconf 87' lang='lat' dir='ltr'>exscripserit</span> <span class='ocrx_word' id='word_1_269' title='bbox 712 3709 763 3797; x_wconf 86' lang='lat' dir='ltr'>(cf.</span> <span class='ocrx_word' id='word_1_270' title='bbox 788 3712 991 3777; x_wconf 82' lang='lat' dir='ltr'>Froitzheim</span> <span class='ocrx_word' id='word_1_271' title='bbox 1013 3734 1045 3798; x_wconf 93' lang='lat' dir='ltr'>p.</span> <span class='ocrx_word' id='word_1_272' title='bbox 1071 3707 1135 3796; x_wconf 79' lang='lat'><strong>27).</strong></span> 
     </span>
    </p>

    <p class='ocr_par' dir='ltr' id='par_1_6' title="bbox 254 3813 1428 4328">
     <span class='ocr_line' id='line_1_35' title="bbox 344 3813 1427 3902; baseline -0.005 -18"><span class='ocrx_word' id='word_1_273' title='bbox 344 3819 438 3896; x_wconf 79' lang='lat' dir='ltr'>Quae</span> <span class='ocrx_word' id='word_1_274' title='bbox 461 3819 504 3884; x_wconf 88' lang='lat' dir='ltr'>sit</span> <span class='ocrx_word' id='word_1_275' title='bbox 527 3818 687 3884; x_wconf 89' lang='lat' dir='ltr'>dissensio</span> <span class='ocrx_word' id='word_1_276' title='bbox 710 3816 832 3883; x_wconf 90' lang='lat' dir='ltr'>habes:</span> <span class='ocrx_word' id='word_1_277' title='bbox 856 3817 1030 3884; x_wconf 88' lang='lat' dir='ltr'>videamus</span> <span class='ocrx_word' id='word_1_278' title='bbox 1046 3815 1128 3902; x_wconf 91' lang='lat' dir='ltr'>quid</span> <span class='ocrx_word' id='word_1_279' title='bbox 1152 3815 1193 3881; x_wconf 88' lang='lat' dir='ltr'>de</span> <span class='ocrx_word' id='word_1_280' title='bbox 1208 3836 1247 3880; x_wconf 89' lang='lat' dir='ltr'>ea</span> <span class='ocrx_word' id='word_1_281' title='bbox 1262 3815 1306 3881; x_wconf 89' lang='lat' dir='ltr'>sit</span> <span class='ocrx_word' id='word_1_282' title='bbox 1320 3813 1427 3880; x_wconf 88' lang='lat' dir='ltr'>existi·</span> 
     </span>
     <span class='ocr_line' id='line_1_36' title="bbox 254 3920 1427 4008; baseline -0.004 -18"><span class='ocrx_word' id='word_1_283' title='bbox 254 3924 429 3990; x_wconf 83' lang='lat' dir='ltr'>mnndum.</span> <span class='ocrx_word' id='word_1_284' title='bbox 476 3923 588 4008; x_wconf 88' lang='lat' dir='ltr'>Atque</span> <span class='ocrx_word' id='word_1_285' title='bbox 620 3924 667 3989; x_wconf 88' lang='lat' dir='ltr'>ita</span> <span class='ocrx_word' id='word_1_286' title='bbox 698 3923 928 4008; x_wconf 90' lang='lat' dir='ltr'>quaestionem</span> <span class='ocrx_word' id='word_1_287' title='bbox 959 3922 1118 4002; x_wconf 90' lang='lat' dir='ltr'>tractabo,</span> <span class='ocrx_word' id='word_1_288' title='bbox 1149 3927 1188 3986; x_wconf 89' lang='lat' dir='ltr'>ut</span> <span class='ocrx_word' id='word_1_289' title='bbox 1216 3921 1363 4007; x_wconf 90' lang='lat' dir='ltr'>primum</span> <span class='ocrx_word' id='word_1_290' title='bbox 1386 3920 1427 3985; x_wconf 90' lang='lat' dir='ltr'>de</span> 
     </span>
     <span class='ocr_line' id='line_1_37' title="bbox 255 4027 1428 4116; baseline -0.003 -20"><span class='ocrx_word' id='word_1_291' title='bbox 255 4029 460 4116; x_wconf 86' lang='lat' dir='ltr'>argumentis</span> <span class='ocrx_word' id='word_1_292' title='bbox 495 4028 675 4115; x_wconf 89' lang='lat' dir='ltr'>disputem,</span> <span class='ocrx_word' id='word_1_293' title='bbox 712 4050 807 4115; x_wconf 91' lang='lat' dir='ltr'>quae,</span> <span class='ocrx_word' id='word_1_294' title='bbox 847 4029 972 4116; x_wconf 89' lang='lat' dir='ltr'>quibus</span> <span class='ocrx_word' id='word_1_295' title='bbox 1008 4029 1181 4095; x_wconf 88' lang='lat' dir='ltr'>Tiberium</span> <span class='ocrx_word' id='word_1_296' title='bbox 1218 4027 1261 4093; x_wconf 93' lang='lat' dir='ltr'>ob</span> <span class='ocrx_word' id='word_1_297' title='bbox 1299 4033 1428 4094; x_wconf 89' lang='lat' dir='ltr'>metum</span> 
     </span>
     <span class='ocr_line' id='line_1_38' title="bbox 254 4133 1427 4222; baseline -0.003 -21"><span class='ocrx_word' id='word_1_298' title='bbox 254 4135 431 4222; x_wconf 90' lang='lat' dir='ltr'>imperium</span> <span class='ocrx_word' id='word_1_299' title='bbox 470 4134 673 4202; x_wconf 87' lang='lat' dir='ltr'>recusavisse</span> <span class='ocrx_word' id='word_1_300' title='bbox 708 4134 934 4215; x_wconf 88' lang='lat' dir='ltr'>ostenderent,</span> <span class='ocrx_word' id='word_1_301' title='bbox 980 4135 1162 4201; x_wconf 87' lang='lat' dir='ltr'>Suetonius</span> <span class='ocrx_word' id='word_1_302' title='bbox 1199 4141 1299 4220; x_wconf 90' lang='lat' dir='ltr'>atque</span> <span class='ocrx_word' id='word_1_303' title='bbox 1337 4133 1427 4199; x_wconf 86' lang='lat' dir='ltr'>Taci-</span> 
     </span>
     <span class='ocr_line' id='line_1_39' title="bbox 255 4239 1426 4328; baseline -0.001 -23"><span class='ocrx_word' id='word_1_304' title='bbox 255 4247 310 4306; x_wconf 90' lang='lat' dir='ltr'>tus</span> <span class='ocrx_word' id='word_1_305' title='bbox 356 4240 556 4321; x_wconf 88' lang='lat' dir='ltr'>attulerunt,</span> <span class='ocrx_word' id='word_1_306' title='bbox 598 4246 673 4306; x_wconf 88' lang='lat' dir='ltr'>turn</span> <span class='ocrx_word' id='word_1_307' title='bbox 719 4241 801 4328; x_wconf 92' lang='lat' dir='ltr'>quid</span> <span class='ocrx_word' id='word_1_308' title='bbox 851 4243 894 4308; x_wconf 89' lang='lat' dir='ltr'>sit</span> <span class='ocrx_word' id='word_1_309' title='bbox 942 4240 1162 4307; x_wconf 89' lang='lat' dir='ltr'>iudicandum</span> <span class='ocrx_word' id='word_1_310' title='bbox 1210 4240 1251 4307; x_wconf 93' lang='lat' dir='ltr'>de</span> <span class='ocrx_word' id='word_1_311' title='bbox 1302 4239 1426 4306; x_wconf 86' lang='lat' dir='ltr'>Tiberii</span> 
     </span>
    </p>
   </div>
   <div class='ocr_carea' id='block_1_6' title="bbox 0 0 1650 4918">
    <p class='ocr_par' dir='ltr' id='par_1_7' title="bbox 0 0 1650 4918">
     <span class='ocr_line' id='line_1_40' title="bbox 0 0 1650 4918; baseline 0 0"><span class='ocrx_word' id='word_1_312' title='bbox 0 0 1650 4918; x_wconf 95' lang='lat' dir='ltr'> </span> 
     </span>
    </p>
   </div>
  </div>
 </body>
</html>
