3266 4918
684 251 905 314 „29-

207 443 399 519 amaseam
424 460 505 505 nam
528 441 657 508 Liviam
681 443 855 527 nequead
878 443 1049 509 Tiberium
1072 440 1302 527 adoptandum
1325 462 1381 507 ne

206 547 338 634 quoad
362 567 584 612 successorem
614 548 853 614 destinandum
883 549 1088 634 permultum
1110 547 1254 615 valuisse
1278 567 1380 633 supra

206 653 345 719 ostendi.
392 654 461 718 Nec
495 674 573 720 vero
608 675 742 739 prorsus
764 654 876 754 inepte
910 654 1083 720 dicebatur
1116 653 1287 719 Tiberium
1321 674 1380 720 vo-

206 764 319 825 catum
343 760 553 845 electumque
575 781 597 824 a
618 781 653 825 rc
682 760 818 846 publica
840 760 945 826 videri
967 760 1124 826 maluisse
1146 780 1251 846 quam
1283 759 1381 826 senili

204 869 383 955 adoptione
415 869 594 954 irrepsisse.
657 871 796 937 «Statim
837 871 925 936 enim
965 869 1126 956 Augusti,
1169 886 1377 954 quamquam

204 975 284 1040 satis
306 975 404 1040 firma
427 981 505 1054 erat,
530 981 644 1040 tamen
662 997 732 1041 non
755 997 795 1042 ea
821 980 900 1056 erat,
926 995 1012 1060 quae
1027 975 1071 1039 ab
1085 973 1143 1038 illo
1162 973 1206 1038 ad
1220 972 1377 1038 heredem

205 1081 276 1147 sine
310 1081 518 1147 dubitatione
555 1082 673 1148 deferri
704 1087 825 1169 posset.
873 1082 992 1166 ltaque
1027 1100 1087 1145 suo
1121 1080 1192 1144 iure
1224 1079 1379 1144 Tiberius

203 1189 428 1274 principatum
451 1190 594 1275 arripere
617 1195 792 1255 cunctatus
816 1194 875 1268 est,
900 1209 979 1254 cum
993 1187 1058 1253 hoc
1073 1185 1174 1251 modo
1189 1183 1380 1269 intellegere

202 1305 314 1380 posset
335 1301 368 1360 et
390 1295 559 1361 neminem
583 1317 697 1362 secum
721 1295 762 1361 de
784 1317 822 1362 oo
839 1295 1084 1361 decertaturum
1107 1313 1178 1358 csse
1196 1297 1229 1357 et
1245 1291 1379 1356 senatui

202 1401 394 1486 populoque
415 1403 569 1467 Romano
592 1423 789 1488 persuasum
805 1421 876 1468 esse
891 1421 960 1466 rem
977 1399 1149 1486 publicam
1172 1404 1284 1463 extare
1306 1417 1378 1462 non

202 1527 299 1592 posse
315 1508 380 1572 nisi
393 1507 457 1572 sub
473 1508 575 1572 unius
586 1507 648 1574 viri
659 1507 813 1593 imperio,
832 1507 872 1571 cf.
890 1507 967 1571 Tac.
986 1526 1064 1570 ann.
1081 1505 1107 1584 I,
1126 1505 1162 1568 4:
1193 1512 1379 1587 «postquarie

197 1621 349 1694 procede
366 1617 432 1679 iore
451 1622 591 1680 senectus
611 1636 703 1697 oepro
719 1621 748 1679 ct
763 1635 893 1694 corpore
906 1613 1107 1696 fotipoboter
1122 1607 1201 1696 (scil.
1220 1609 1378 1696 Augusti)

204 1720 376 1802 aderatque
405 1721 482 1800 Jieis
514 1727 542 1784 et
564 1741 635 1800 spes
658 1741 764 1798 eooue,
781 1721 884 1800 puerei
911 1720 991 1784 beau
1014 1719 1169 1784 libertatis
1191 1719 1228 1781 ire
1251 1737 1376 1782 cessem

204 1825 367 1902 disserere,
395 1826 508 1905 pieres
538 1826 652 1890 betium
667 1845 867 1906 pavescere».
914 1823 1059 1888 Tertiam
1090 1828 1203 1887 autem
1227 1841 1375 1898 causam,

203 1949 306 2014 quam
335 1929 471 1994 Tacitus
500 1929 605 2008 affert,
635 1951 705 1994 non
734 1927 834 1993 modo
864 1929 1016 2014 ineptam
1050 1929 1108 1993 sed
1136 1929 1238 1994 etiam
1261 1928 1374 1992 fictam

203 2057 283 2115 csse,
318 2041 357 2100 ut
390 2035 513 2101 Tiberii
546 2036 680 2121 ingenio
719 2035 935 2121 moribusque
970 2035 1215 2113 obtrectaretur,
1247 2033 1377 2100 Sievers

202 2164 234 2228 p.
261 2144 391 2208 16-19
415 2143 494 2207 satis
518 2142 671 2208 ostendit.
711 2141 828 2227 Neque
850 2141 1037 2226 quidquam
1061 2139 1184 2205 addam
1208 2138 1273 2204 nisi
1295 2138 1377 2205 veri-

203 2248 310 2313 simile
333 2269 403 2312 esse
422 2253 591 2313 auctorem
607 2247 722 2312 Tacito
745 2253 845 2332 atque
861 2245 961 2311 Dioni
977 2266 1190 2311 communem
1208 2266 1227 2310 a
1243 2244 1377 2310 Tiberio

203 2354 306 2419 fuisse
328 2352 489 2431 alienum;
524 2373 605 2418 nam
640 2353 704 2419 hoc
737 2373 819 2418 usus
848 2358 986 2436 uterque
1013 2351 1101 2416 hanc
1124 2351 1299 2417 materiam
1322 2371 1373 2416 ex·

202 2459 338 2546 plicavit
360 2457 579 2544 (Horstmann
603 2481 634 2544 p.
655 2461 695 2524 19
709 2480 791 2544 sqq,
817 2457 1016 2523 Froitzheim
1037 2473 1071 2543 p.
1089 2459 1131 2524 26
1147 2480 1206 2543 sq,
1232 2455 1377 2523 Sickel¹²

202 2588 234 2652 r·
260 2567 302 2632 38
315 2563 409 2652 scs)-

292 2671 386 2748 Quae
418 2671 553 2756 quidem
586 2671 633 2750 de¹
659 2671 767 2756 prima
788 2677 881 2756 parte
903 2671 1122 2756 quaestionis;
1155 2670 1222 2734 iam
1247 2668 1287 2734 dc
1310 2669 1376 2736 avi-

203 2777 304 2842 ditate
326 2777 384 2841 illa
406 2775 567 2862 regnandi
590 2775 673 2861 quid
696 2777 739 2841 sit
761 2775 990 2856 iudicandum,
1022 2776 1210 2841 doceamus.
1264 2775 1377 2859 Atque

202 2882 266 2948 hoc
289 2883 376 2949 dico:
403 2889 491 2968 certa
513 2883 638 2968 quibus
654 2882 825 2947 Tiberium
848 2882 1012 2968 regnandi
1031 2881 1169 2949 avidum
1184 2881 1287 2947 fuisse
1304 2901 1377 2966 pro-

202 2987 309 3068 batur,
344 2977 540 3074 argumenta
575 3009 645 3053 non
685 2989 911 3055 inveniuntur.
970 2987 1087 3074 Neque
1119 2987 1209 3052 enim
1239 2987 1377 3052 Tacitus

202 3100 330 3180 praeter
359 3093 521 3159 iudicium
551 3095 619 3161 sive
642 3095 685 3160 ab
708 3095 780 3180 ipso
803 3093 909 3158 latum
933 3093 1001 3160 sive
1024 3114 1066 3159 ex
1089 3093 1180 3158 fonte
1203 3093 1376 3172 haustum,

202 3199 293 3265 unde
316 3199 456 3266 aviditas
478 3199 535 3264 illa
558 3201 713 3286 cognosci
733 3207 853 3285 posset,
878 3205 1075 3284 argumenta
1097 3198 1241 3264 reddidit
1265 3219 1377 3284 neque

202 3305 381 3374 Suetonius
404 3325 513 3393 neque
527 3307 600 3372 Dio.
647 3307 785 3392 iniquos
808 3312 920 3370 autem
943 3305 1074 3371 Tiberio
1096 3306 1133 3370 in
1157 3306 1378 3391 descriptione

201 3412 304 3478 huius
331 3413 488 3478 materiae
511 3412 613 3477 fuisse
644 3418 677 3478 et
706 3411 903 3477 Suetonium
933 3416 966 3476 ct
987 3411 1142 3476 Tacitum
1165 3411 1377 3496 Dioncmque

202 3517 357 3583 vidimus
396 3519 514 3603 itaque
535 3519 575 3584 iis
598 3517 700 3583 fidem
723 3517 916 3583 habendam
939 3538 1009 3582 non
1025 3539 1096 3582 esse
1110 3538 1237 3598 censeo,
1264 3517 1292 3582 si
1311 3517 1376 3583 dis·

202 3623 346 3696 sentient
363 3623 406 3687 ab
429 3623 493 3689 alio
515 3625 680 3710 scriptore.

292 3728 386 3805 Quae
409 3750 487 3794 cum
514 3731 562 3795 ita
584 3732 661 3810 sint,
684 3730 800 3815 paucis
822 3751 1002 3816 possumus
1026 3728 1192 3809 disserere,
1225 3727 1259 3793 id
1283 3729 1375 3814 quod

201 3835 336 3901 tertium
369 3841 419 3901 est
449 3837 665 3922 propositum,
697 3837 739 3902 de
760 3836 868 3904 Vellei
890 3836 965 3903 fide.
1019 3835 1136 3920 Neque
1159 3855 1214 3900 eos
1236 3855 1374 3920 possum

201 3940 337 4007 laudare
360 3939 421 4028 (ex.
445 3963 493 4028 gr.
511 3962 602 4006 nom.
620 3941 731 4008 Goeke
754 3964 785 4027 p.
804 3939 868 4026 27),
886 3943 945 4025 qui
959 3962 1077 4027 porsus
1093 3962 1114 4006 a
1130 3941 1196 4006 fide
1218 3941 1374 4006 historica

201 4047 265 4112 hoo
287 4048 359 4113 loco
375 4069 453 4114 eum
469 4047 645 4114 abhorrere
667 4053 798 4134 putant.
839 4046 932 4124 Quin
955 4047 1054 4112 etiam
1079 4067 1140 4132 ego
1163 4067 1233 4111 non
1256 4046 1376 4111 dubito

201 4151 303 4218 fidem
327 4154 476 4239 scriptori
497 4153 629 4219 habere.
679 4153 795 4239 Neque
819 4153 910 4218 enim
935 4153 1037 4220 verba
1060 4152 1144 4218 eius:
1171 4175 1260 4218 «cem
1283 4153 1374 4234 quid-

202 4260 281 4340 quid
307 4262 460 4326 tuendum
486 4282 551 4327 rore
572 4260 767 4342 suscepisset,
800 4262 985 4340 peritorum
1013 4260 1149 4325 videret»
1185 4264 1377 4344 repugnant
