3266 4918
744 231 964 295 ..43-

271 433 364 508 ecrit,
390 431 437 495 ito
456 429 606 511 prodipcs
624 433 652 492 31
668 427 703 491 ob
724 427 852 510 dapitio
876 431 993 507 epedlcs
1008 427 1104 489 moad
1118 429 1231 488 333313.
1254 427 1311 486 331
1333 427 1441 500 sponte

271 538 377 602 cedere
393 556 513 617 possus
535 541 611 599 331».
659 531 753 608 Quae
776 531 932 616 deinceps
955 529 1103 596 Velleius
1125 533 1239 593 narrat
1264 528 1337 604 129,
1361 525 1440 590 3de

270 640 477 707 Maroboduo
509 645 542 704 et
574 638 616 702 de
646 637 819 702 Gallorum
850 635 1040 711 rebellione,
1074 655 1113 699 33
1147 633 1387 699 confirmantur
1419 651 1441 696 3

271 748 387 812 Tacito
419 767 497 811 ann.
521 745 564 823 II,
589 746 642 810 46,
668 746 711 810 62
734 763 798 827 sq.;
823 742 882 821 ΠΙ,
906 742 1050 806 40-47.
1097 741 1214 824 Neque
1244 735 1441 823 reprehendi

270 859 379 940 potest
399 851 436 916 in
460 848 612 934 eoquod
637 851 709 926 129,
739 847 979 912 ascribitur:
1013 848 1141 930 ‹meprd
1163 845 1296 910 terroris
1327 843 1439 907 beidam

271 961 420 1041 Africam
451 964 479 1021 31
509 956 665 1020 cotididrco
695 961 790 1019 carta
819 956 925 1018 maias
957 954 1110 1033 auspiciis
1141 951 1340 1032 cerradiisqde
1373 949 1441 1012 eins

271 1063 351 1151 (scil.
375 1059 509 1142 Tiberii)
533 1063 619 1126 brevi
646 1061 803 1142 sepultura
834 1066 915 1136 esta
948 1079 1028 1124 nam
1060 1057 1185 1123 bellum
1211 1053 1440 1130 Tacfarinatis,

271 1169 367 1235 cuius
389 1168 524 1234 initium
552 1167 678 1231 factum
703 1171 753 1229 est
781 1185 871 1230 anno
896 1164 1044 1256 17¹(Tac.
1070 1185 1147 1228 ann.
1172 1161 1441 1248 1152133331-

272 1295 376 1361 quam
398 1273 533 1338 Tacitus
556 1293 635 1337 ann.
652 1271 712 1347 IV,
730 1271 861 1336 23-25
877 1270 912 1335 id
927 1270 1027 1356 plane
1042 1270 1227 1334 extinctum
1243 1291 1313 1336 esse
1329 1272 1443 1337 scribit

271 1402 361 1448 anno
386 1381 437 1458 24,
461 1386 575 1444 131333
606 1377 754 1442 maxima
786 1397 827 1441 ex
860 1381 953 1462 parte
986 1375 1175 1442 confectum
1207 1382 1257 1440 est
1285 1397 1375 1443 auno
1399 1379 1441 1443 22

272 1488 365 1554 brevi
394 1493 572 1572 postquam
605 1483 750 1567 suscepit
778 1483 896 1549 Iunius
919 1482 1067 1562 Blaesus,
1098 1483 1157 1568 qui
1190 1483 1335 1548 consiliis
1361 1505 1441 1550 usus

271 1599 321 1659 est
352 1591 488 1668 Tiberii;
520 1590 560 1655 cf.
585 1590 662 1653 Tac.
693 1609 770 1653 ann.
795 1589 854 1668 III,
881 1591 922 1654 73
947 1609 1009 1674 sq.;
1034 1589 1094 1668 IV,
1120 1591 1171 1654 23.
1219 1588 1313 1666 Quae
1344 1611 1441 1675 porro

270 1697 418 1766 Velleius
441 1700 681 1762 commemorat
706 1697 815 1774 130,1
841 1694 882 1760 (13
905 1694 1062 1760 aedificiis
1081 1693 1248 1760 aTiberio
1272 1696 1439 1773 extructis,

272 1826 310 1870 ea
342 1803 541 1870 confirmant
571 1802 636 1867 Dio
658 1804 711 1880 57,
738 1803 779 1866 10
810 1808 843 1866 31
872 1800 1007 1865 Tacitus
1039 1821 1117 1865 ann.
1150 1801 1192 1880 H,
1217 1802 1274 1880 49;
1303 1801 1362 1880 ΙΠ,
1384 1802 1440 1878 72;

271 1910 330 1989 VI,
355 1909 413 1974 45:
438 1912 501 1975 dcco
525 1931 622 1989 opera
649 1909 794 1974 Tiberias
817 1910 966 1985 33113311,
983 1909 1132 1988 templum
1147 1909 1292 1991 Adpusto
1315 1915 1442 1973 313333-

271 2038 349 2082 rrcrrr
372 2017 560 2097 Pompeiani
586 2016 733 2080 theatri».
779 2013 830 2078 Ea
859 2013 1003 2097 denique
1032 2033 1119 2098 quac
1148 2020 1228 2078 sunt
1260 2015 1331 2092 130,
1357 2016 1378 2077 2
1401 2011 1443 2076 de

271 2121 394 2186 Tiberii
417 2120 612 2186 liberalitate
642 2127 674 2184 31
704 2119 745 2184 de
774 2119 904 2184 delectu
936 2119 978 2184 ab
1003 2139 1040 2184 eo
1064 2117 1106 2182 ad
1137 2124 1260 2184 certam
1288 2139 1442 2185 normam

272 2226 414 2306 redacto,
439 2247 517 2293 vera
539 2245 610 2291 esse
632 2230 731 2289 133133
754 2232 835 2289 sunt
856 2224 992 2289 Tacitus
1015 2245 1093 2289 ann.
1117 2223 1177 2303 lV,
1204 2226 1248 2289 64
1275 2230 1308 2289 et
1330 2224 1442 2290 Sueto-

274 2333 351 2397 nius
374 2332 448 2397 Tib.
473 2333 525 2398 30.
550 2334 603 2397 48.

364 2437 439 2515 Quo
472 2436 572 2503 modo
603 2435 751 2504 Velleius
783 2456 834 2501 res
864 2435 1038 2501 aTiberio
1069 2441 1178 2522 gestas
1209 2435 1443 2523 descripsisset,

272 2545 351 2609 satis
382 2544 583 2629 explicatum
616 2543 765 2609 arbitror.
812 2541 978 2626 Sequitur,
1007 2548 1046 2606 ut
1075 2563 1113 2606 33
1139 2549 1333 2628 perscruter,
1358 2563 1443 2628 quae

271 2648 317 2714 de
350 2648 579 2716 hominibus
613 2647 792 2712 memoriae
824 2645 970 2731 prodidit
1007 2646 1165 2712 Tiberio
1198 2648 1374 2714 vinculis
1408 2654 1444 2714 31

271 2754 585 2840 propinquitatis
608 2759 645 2818 et
668 2753 887 2818 affinitatis
911 2753 1146 2819 coniunctis.

361 2859 473 2944 Atque
505 2860 547 2938 Π,
581 2861 654 2924 101.
687 2863 703 2923 1
736 2858 771 2924 Ο.
803 2858 1007 2924 Caesarem
1036 2858 1137 2945 paulo
1166 2866 1242 2946 post
1264 2861 1370 2925 Iuliae
1398 2881 1443 2925 re

272 2964 473 3050 legationem
506 2966 541 3028 in
574 2964 704 3050 Syriam
736 2965 877 3030 missum
914 2972 997 3030 «1331
1029 2969 1117 3032 eoric
1148 2987 1181 3032 33
1216 2968 1260 3031 ibi
1291 2970 1441 3050 pessisser

272 3070 394 3148 scribit,
419 3076 458 3134 ut
485 3093 557 3137 «occ
580 3073 789 3137 laudaturum
807 3093 922 3153 mopdd
937 3093 992 3137 rece
1007 3075 1263 3153 vituperatorem
1278 3075 1444 3138 mediocris

271 3179 408 3241 31313113
429 3178 603 3258 deficeret».
646 3175 746 3252 Quod
769 3181 885 3240 utrum
916 3197 1033 3243 verum
1066 3179 1109 3242 sit
1136 3197 1251 3257 necne,
1282 3177 1445 3243 diudiceri

272 3303 342 3347 non
364 3287 480 3368 potest.
527 3282 662 3346 Etenim
694 3281 811 3347 orienti
841 3281 964 3346 Gaium
993 3281 1072 3347 inde
1101 3283 1144 3348 ab
1168 3303 1257 3348 anno
1279 3283 1387 3369 primo
1410 3305 1442 3368 p.

274 3387 349 3452 Chr.
367 3409 400 3453 n.
415 3389 642 3475 praepositum
664 3407 735 3452 3333
758 3386 975 3452 confirmatur
996 3393 1029 3453 31
1050 3408 1072 3452 3
1089 3387 1247 3454 Suetonio
1263 3389 1336 3454 Tib.
1356 3391 1397 3454 12
1413 3395 1446 3454 31

273 3513 293 3557 3
316 3493 423 3558 Dione
447 3496 498 3574 55,
527 3496 603 3559 103
626 3499 659 3558 31
681 3514 703 3558 3
725 3492 839 3558 Tacito
862 3513 939 3558 ann.
957 3493 1000 3572 Π,
1017 3495 1051 3571 4;
1068 3494 1203 3574 111,48;
1229 3497 1317 3560 facta
1331 3501 1444 3560 autem

274 3599 345 3662 eius
366 3599 534 3683 praeclara
557 3619 603 3663 an
625 3597 805 3664 mediocria
828 3599 959 3678 fuerint,
985 3619 1026 3664 ex
1049 3600 1181 3680 Dionis,
1211 3602 1270 3686 qui
1293 3600 1383 3666 solus
1406 3620 1445 3665 33

274 3702 347 3768 fuse
369 3705 524 3784 narravit,
550 3704 769 3790 descriptione
791 3704 938 3789 intellegi
966 3726 1035 3770 non
1064 3712 1180 3791 potest,
1212 3707 1336 3792 quippe
1358 3725 1445 3791 quae

273 3809 392 3873 mutila
424 3810 474 3875 sit.
528 3811 628 3876 Porro
658 3810 815 3889 Velleius,
850 3831 927 3877 cum
961 3810 1084 3876 Gaium
1114 3813 1151 3876 in
1181 3813 1341 3877 orientem
1373 3831 1444 3897 pro-

274 3912 439 3979 fecturum
462 3915 633 3980 Tiberimn
656 3917 850 3983 convenisse
873 3923 995 3996 narrat,
1012 3918 1177 3984 consentit
1192 3939 1269 3984 oum
1286 3917 1444 3983 Suetonio

274 4019 347 4085 Tib.
375 4023 415 4086 12
439 4019 491 4108 (cf.
516 4021 592 4107 epit.
616 4021 743 4108 Xiphil.
777 4022 821 4088 ad
850 4023 948 4090 Dion.
972 4024 1025 4103 55,
1053 4024 1214 4110 10-121,
1245 4022 1305 4088 sed
1335 4023 1443 4090 verbis

274 4148 370 4194 usus:
406 4130 478 4194 «cdi
508 4126 587 4214 (scil.
609 4127 751 4215 Tiberio)
775 4151 895 4196 omrem
917 4129 1063 4202 bonorem
1092 4140 1128 4196 31
1153 4132 1313 4212 superiori
1334 4130 1455 4194 135311

275 4231 354 4318 (3311.
381 4233 516 4321 Gaiusp
543 4241 576 4300 et
599 4256 677 4302 cum
700 4235 860 4301 Suetonio
883 4234 1056 4321 discrepat,
1073 4236 1132 4321 qui
1151 4256 1299 4301 «caesam
1313 4237 1446 4301 recidis
