3266 4918
739 222 957 285 ..44-

354 416 494 480 Acium
517 415 644 500 reliqua
672 435 758 500 quae
783 413 963 480 Suetonius
994 413 1073 480 inde
1096 435 1116 480 a
1139 435 1165 480 c.
1191 418 1232 480 41
1257 415 1435 480 memoriae

265 521 410 607 prodidit
450 542 519 586 non
550 542 641 600 vera,
678 523 845 603 omittam3
887 541 968 586 nam
1001 521 1080 586 satis
1121 521 1331 606 perspicuum
1366 541 1436 586 esse

266 647 392 706 censeo,
417 627 452 691 id
475 627 566 712 quod
590 649 690 714 supra
713 629 919 713 propositum
944 631 1002 705 est,
1026 626 1225 692 Suetonium
1252 628 1288 691 in
1314 626 1436 691 Tiberii

264 732 334 798 vita
358 731 574 797 describenda
595 733 675 798 inde
698 755 718 796 a
741 756 767 799 c.
793 736 834 796 41
861 737 993 797 auctore
1016 754 1117 797 usum
1141 732 1183 797 ab
1207 753 1245 796 eo
1261 732 1369 797 alieno
1385 753 1435 797 res

265 836 446 902 reddidisse
469 844 538 902 tam
561 838 685 922 inique,
711 845 749 903 ut
771 859 1029 923 nonnumquam
1056 858 1076 901 a
1103 838 1240 905 veritate
1262 837 1434 902 recederet.

353 943 423 1007 Nec
445 964 522 1008 vero
545 942 645 1008 modo
674 943 754 1009 inde
782 947 1111 1010 11411111111111
1145 949 1278 1008 secutus
1306 950 1356 1007 est
1384 943 1435 1008 Ti-

265 1047 355 1112 berio
370 1048 529 1112 infestum
546 1048 696 1114 similiter
710 1055 810 1134 atque
833 1056 903 1114 erat
923 1047 986 1114 iste
1010 1049 1126 1114 Dionis
1142 1053 1257 1113 auctor
1273 1055 1305 1112 et
1320 1048 1434 1127 Taciti,

266 1153 323 1218 sed
346 1153 446 1217 etiam
472 1153 563 1218 fonte
587 1175 668 1219 usus
691 1160 741 1220 est
764 1154 878 1221 eodem
903 1176 970 1240 quo
992 1157 1037 1220 hi.

355 1258 453 1336 Quod
475 1260 522 1324 ita
550 1281 585 1325 se
608 1261 730 1327 habere
762 1263 827 1326 iam
864 1261 1009 1327 ostendit
1040 1263 1195 1327 Thamm.
1243 1261 1310 1338 Qui
1340 1281 1435 1346 quae·

265 1365 390 1444 stionis,
416 1386 500 1429 num
523 1366 587 1431 loci
610 1367 678 1431 sint
701 1387 895 1433 communes
911 1367 1069 1432 Suetonio
1085 1389 1163 1432 cum
1179 1367 1302 1446 Tacito,
1326 1364 1368 1452 (p.
1394 1368 1435 1431 33

265 1467 363 1553 -38)
386 1470 489 1535 finem
512 1470 592 1536 facit
614 1472 676 1538 sic:
712 1494 829 1555 «usque
856 1475 899 1538 ud
925 1475 992 1538 Tib.
1018 1480 1061 1538 40
1093 1475 1183 1538 uultu
1214 1475 1437 1538 similitudinis

265 1579 396 1660 uestipiu
419 1579 636 1656 mummolum
660 1580 696 1642 iu
717 1581 917 1661 sequeutibus
935 1587 1040 1644 autem
1056 1581 1230 1660 particulis
1252 1581 1433 1644 umuulla».

265 1688 298 1746 et
321 1682 532 1766 quaestionis,
557 1703 642 1747 num
664 1683 732 1747 sint
763 1703 958 1748 communes
989 1705 1067 1749 cum
1091 1684 1198 1749 Dione
1226 1681 1267 1770 (p.
1292 1681 1437 1766 42-47)

265 1786 326 1850 sic:
367 1809 448 1852 «mou
483 1809 598 1870 uapore
619 1791 796 1870 poterimus
828 1789 1012 1856 Suetonium
1045 1797 1074 1854 et
1107 1788 1253 1854 Cassium
1285 1812 1436 1854 ucuuum-

265 1913 360 1974 quam
383 1893 487 1958 eodem
508 1893 594 1974 foute
619 1914 692 1959 usm
719 1915 814 1959 esser.
847 1895 958 1959 Etiam
984 1901 1153 1980 praeterea
1175 1895 1266 1961 varia
1296 1901 1438 1981 possunt

265 1997 375 2062 afferri
404 2005 610 2082 argumenta,
647 1999 770 2083 quibus
801 1999 999 2066 Suetonium
1032 1999 1148 2064 eodem
1171 2007 1304 2065 auctore
1336 2022 1357 2065 a
1386 2001 1435 2065 Ti·

264 2102 354 2167 berio
378 2103 485 2168 alieno
514 2102 593 2168 inde
621 2125 689 2168 ac.
716 2106 757 2169 41
783 2127 883 2170 usum
907 2127 978 2170 esse
1000 2105 1166 2191 probetur,
1191 2127 1258 2191 quo
1282 2106 1435 2172 Tacitum

265 2229 304 2272 ac
327 2208 477 2272 Dionem.
527 2208 658 2285 Quibus
682 2231 723 2274 ex
746 2211 905 2296 exemplis
933 2211 1096 2277 nonnulla
1119 2211 1198 2276 satis
1221 2211 1328 2276 habeo
1352 2233 1436 2277 com-

264 2335 463 2379 memorare:
501 2315 546 2380 Ut
578 2315 756 2381 Suetonius
784 2338 811 2381 c.
845 2320 886 2382 41
919 2319 1089 2384 Tiberium
1121 2317 1254 2404 Capreis
1284 2339 1364 2384 cura
1389 2317 1435 2382 rei

264 2419 417 2506 publicae
449 2420 577 2485 abiecta
607 2421 740 2490 libidini
765 2421 943 2488 indulsisse
972 2424 1094 2504 scribit,
1125 2425 1172 2490 ita
1198 2426 1333 2491 Tacitus
1356 2445 1434 2489 ann.

263 2525 323 2605 IV,
349 2527 407 2591 67:
446 2534 581 2608 «quauta
611 2530 750 2593 intentus
781 2530 855 2594 oiim
880 2531 1028 2610 publicus
1060 2534 1103 2597 ud
1133 2554 1235 2611 curus,
1268 2539 1354 2598 tauto
1388 2552 1435 2597 oc·

265 2633 362 2697 cultos
384 2634 420 2696 iu
443 2633 537 2698 luxus
560 2639 589 2698 et
611 2635 730 2699 mulum
754 2637 852 2700 otium
874 2637 1061 2702 resolutus».
1093 2638 1299 2703 Modo->ratam
1323 2644 1435 2702 autem

265 2736 388 2801 Tiberii
410 2737 639 2803 liberalitatem
663 2760 741 2824 erga
761 2747 928 2807 senatores
958 2743 1107 2829 increpat
1135 2751 1283 2830 uterque.
1335 2745 1435 2810 Porro

265 2842 444 2908 Suetonius
476 2865 581 2929 aeque
615 2845 705 2911 favet
726 2846 820 2912 Iuliis
850 2854 950 2933 atque
973 2849 1037 2914 Dio
1060 2856 1093 2914 et
1114 2851 1259 2932 Tacitus,
1292 2872 1435 2937 quorum

263 2947 319 3012 hic
341 2969 419 3013 ann.
443 2949 502 3029 IV,
529 2952 571 3015 68
595 2971 660 3030 eos,
696 2952 755 3036 qui
786 2961 880 3018 erant
909 2956 1112 3043 Agrippinae
1143 2957 1255 3042 partis,
1293 2957 1436 3043 appellat

268 3056 410 3134 «bouus»,
436 3057 495 3140 qui
518 3063 612 3121 erant
634 3056 765 3138 Tiberii,
795 3063 969 3142 «iniquos».
1017 3061 1133 3147 Neque
1148 3062 1320 3143 iudicium,
1345 3062 1435 3149 quod

265 3159 328 3224 fert
351 3160 392 3225 de
414 3162 529 3228 Tacito
553 3163 680 3229 Sievers
703 3187 735 3250 p.
754 3168 812 3231 21:
842 3168 953 3246 ,uitii
976 3189 1046 3254 mua
1070 3171 1104 3237 iu
1128 3169 1233 3253 11111111
1255 3171 1435 3255 {tribilium

264 3287 299 3352 311
323 3269 518 3351 1111111111,
554 3273 769 3350 1111111111,
804 3274 895 3348 11111111
926 3274 1150 3359 trucidante
1182 3278 1214 3344 ir
1251 3276 1304 3345 tro
1328 3277 1435 3361 11111111

264 3373 316 3441 bei
340 3374 502 3455 Socitut‘',
537 3375 701 3441 iniustum
729 3385 789 3457 est,
814 3379 842 3443 si
864 3381 1003 3444 refertur
1031 3381 1130 3445 etiam
1157 3379 1200 3445 ad
1222 3381 1432 3459 Suetonium;

267 3477 307 3542 cf.
341 3500 373 3564 p.
399 3482 451 3545 43.
498 3480 625 3546 Eodem
662 3481 807 3568 denique
839 3485 939 3549 modo
975 3486 1119 3571 Lepidae
1154 3508 1290 3552 causam
1323 3493 1436 3552 1111111

264 3582 444 3650 Suetonius
467 3607 494 3650 c.
520 3591 573 3667 49,
597 3609 664 3672 quo
688 3589 823 3654 Tacitus
851 3590 911 3669 ΠΙ,
937 3593 1084 3670 22-23;
1110 3613 1189 3657 nam
1213 3599 1353 3677 uterque
1375 3594 1435 3658 Le-

263 3689 369 3775 pidae,
401 3691 569 3758 adulterae
593 3693 754 3778 degeneri,
790 3696 888 3775 favet,
923 3696 1047 3783 quippe
1078 3718 1165 3782 quae
1194 3699 1293 3763 fuerit
1315 3698 1435 3763 mulier

264 3795 394 3876 nobilis
408 3798 570 3863 obtrectat
581 3798 742 3880 Quirinio,
760 3822 861 3885 quem
877 3801 987 3868 virum
1004 3803 1105 3868 fuisse
1121 3804 1239 3868 fortem
1256 3825 1295 3868 ac
1309 3811 1433 3869 strenu-

263 3923 323 3966 um
335 3903 469 3968 Tacitus
481 3905 551 3988 ipse
562 3905 654 3970 testis
669 3912 718 3971 est
733 3906 792 3981 ΠΙ,
805 3909 858 3986 48,
873 3908 996 3993 quippe
1012 3909 1071 3993 qui
1086 3909 1185 3974 fuerit
1200 3909 1301 3975 homo
1316 3931 1431 3976 novus.

351 4009 434 4087 Iam,
458 4011 533 4093 quis
557 4009 656 4075 fuerit
678 4017 794 4077 auctor
814 4012 869 4077 ille
884 4013 1015 4079 Tiberio
1037 4014 1183 4098 iniquus,
1208 4037 1309 4100 quem
1332 4015 1436 4082 secuti

264 4121 344 4181 sunt
374 4117 518 4196 Tacitus,
544 4118 623 4200 Dio,
659 4119 854 4200 Suetonius,
892 4120 1033 4187 breviter
1056 4142 1265 4207 quaeramus.
1323 4123 1435 4208 Atque

265 4220 419 4286 Tacitum
442 4224 579 4290 annales
601 4225 793 4292 adhibuisse
820 4227 979 4292 senatoris
996 4227 1181 4308 cuiusdam,
1207 4229 1265 4313 qui
1288 4229 1435 4314 aequalis
