3266 4918
685 239 907 305 ..57-

212 439 320 508 varias
343 437 387 505 ob
410 456 538 504 causas.
584 436 697 524 Atque
718 435 764 502 M.
789 434 903 503 Vinici
924 434 1082 504 virtutem
1113 434 1272 516 laudavit,
1304 458 1382 503 oum

211 546 367 613 transiret
406 544 450 610 ad
489 543 616 611 bellum
660 542 916 610 describendum
957 542 1056 609 annis
1089 545 1189 608 4-6
1229 543 1266 608 in
1304 542 1380 609 Ger·

211 653 326 720 mania
357 657 499 738 gestum.
549 650 699 718 Passieni
729 655 842 717 autem
873 655 906 716 et
937 649 1031 716 Cossi
1059 649 1263 716 mentionem
1294 651 1379 730 fecit,

210 760 270 846 qui
292 757 407 825 eodem
432 757 499 824 iere
520 763 668 844 tempore
691 778 758 844 quo
781 755 903 824 Vibius
926 756 1106 823 Postumus
1126 756 1165 858 in
1191 755 1380 836 Germania,

210 868 247 934 in
269 866 383 932 Africa
413 863 630 951 triumphalia
659 864 755 950 signa
785 863 994 930 meruissent.
1040 861 1197 929 Blaesum
1226 862 1381 949 deinceps

211 980 244 1040 et
258 971 465 1038 Dolabellam
480 970 638 1051 laudavit,
655 975 731 1037 cunr
748 970 925 1037 seditiones
941 973 1214 1036 commemoraret
1233 989 1322 1034 anno
1340 970 1382 1033 14

210 1078 417 1146 amilitibus
446 1077 560 1144 factas.
607 1076 719 1147 Seiani
751 1077 905 1163 denique,
938 1075 1103 1163 Pomponi
1132 1075 1253 1155 Flacci,
1281 1075 1382 1140 Drusi

210 1184 357 1265 Libonis,
382 1183 418 1250 O.
443 1182 524 1263 Silii,
548 1183 679 1249 Pisonis
701 1183 841 1269 scriptor
862 1182 1067 1249 mentionem
1090 1181 1167 1248 fecit
1183 1181 1220 1246 in
1235 1181 1381 1267 imagine

210 1289 427 1379 exprimenda
448 1309 560 1354 rerum
582 1288 660 1354 inde
683 1288 726 1354 ab
747 1310 837 1355 anno
856 1291 897 1356 14
912 1309 1018 1374 usque
1034 1286 1075 1353 ad
1091 1308 1120 1353 a.
1140 1289 1379 1372 regestorum.

210 1397 362 1476 Quorum
388 1396 545 1472 virorum,
569 1394 598 1460 si
621 1394 947 1475 consideraverimus,
972 1400 1066 1461 extra
1093 1414 1204 1460 rerum
1229 1392 1380 1459 ordinem

208 1526 229 1571 a
251 1503 379 1572 Velleio
402 1503 591 1568 nominatos
615 1522 685 1568 esse
707 1500 897 1569 videbimus
920 1501 1031 1567 nullos
1053 1500 1119 1566 nisi
1134 1500 1329 1566 Passienum
1348 1505 1381 1566 et

210 1611 360 1677 Cossum.
408 1607 507 1686 Quod
536 1628 605 1693 qua
633 1627 669 1673 re
697 1607 824 1673 factum
857 1608 908 1688 sit,
942 1629 1012 1673 non
1043 1606 1276 1693 intellegimus,
1302 1605 1381 1692 quia

209 1737 296 1805 quae
327 1716 368 1783 iis
401 1737 479 1781 cum
509 1713 700 1780 Messallino
732 1713 952 1781 intercesserit
993 1715 1095 1794 ratio,
1129 1713 1199 1779 non
1237 1732 1380 1799 comper·

209 1829 283 1891 tum
314 1823 488 1891 habemus.
530 1822 648 1908 Neque
672 1821 818 1908 scriptor,
841 1821 924 1887 dum
943 1842 1022 1889 vera
1042 1822 1161 1902 reddit,
1185 1820 1381 1909 reprehendi

209 1936 318 2019 potest
349 1930 386 1997 in
421 1950 469 2009 eo,
508 1927 600 2014 quod
631 1927 787 1994 omnium
816 1949 885 1994 non
922 1928 1038 1995 eodem
1072 1929 1172 1995 modo
1211 1927 1380 1995 studiosus

209 2043 267 2116 est,
302 2035 494 2122 praesertim
523 2055 601 2101 cum
633 2040 672 2100 ut
702 2033 850 2121 aequalis
883 2034 1061 2102 hominum
1095 2056 1204 2122 neque
1245 2034 1380 2121 ingenia

208 2164 317 2230 neque
350 2143 438 2210 facta
475 2149 543 2208 tam
584 2143 669 2209 bene
708 2143 883 2208 aestimare
920 2144 1065 2230 potuerit
1104 2164 1206 2230 quam
1246 2142 1378 2229 posteri.

208 2249 298 2318 Vera
321 2256 434 2316 autem
456 2248 623 2316 Velleium
646 2249 827 2316 memoriae
856 2249 1040 2336 prodidisse
1066 2251 1221 2318 vidimus.
1268 2249 1380 2335 Atque

212 2357 312 2423 etiam
344 2356 458 2422 minus
485 2355 660 2422 ambitiose
691 2355 822 2442 scripsit
855 2377 958 2443 quam
993 2357 1137 2438 Tacitus,
1172 2357 1230 2444 qui
1263 2355 1378 2421 multis

210 2463 308 2530 annis
339 2468 416 2548 post
446 2461 583 2530 annales
613 2483 691 2528 suos
715 2463 910 2550 conscripsit
936 2466 1023 2530 «siae
1051 2467 1105 2530 tro
1128 2471 1157 2530 ct
1178 2466 1302 2532 stadio»
1327 2484 1379 2529 res

212 2569 350 2636 reddere
371 2568 540 2655 gloriatus.
587 2567 641 2636 Ad
665 2574 862 2650 extremum,
885 2569 919 2636 id
944 2570 1035 2656 quod
1061 2569 1296 2656 gravissimum
1320 2575 1377 2649 est,

210 2673 358 2742 Velleius
374 2679 468 2741 tanta
484 2695 561 2741 cum
578 2674 789 2742 festinatione
805 2675 977 2742 historiam
994 2677 1189 2763 composuit,
1214 2682 1252 2743 ut
1267 2698 1379 2743 rerum

208 2782 261 2849 vel
284 2782 461 2848 hominum
478 2781 846 2848 commemorandorum
870 2783 1035 2850 delectum
1060 2805 1282 2871 magnacum
1307 2783 1376 2849 dili·

208 2889 322 2975 gentia
343 2888 515 2955 instituere
537 2909 752 2975 nequaquam
774 2896 887 2976 posset
909 2889 961 2978 (of.
979 2912 1011 2978 p.
1030 2893 1050 2956 3
1066 2889 1136 2978 sq).
1182 2890 1259 2968 Quo
1279 2889 1379 2956 modo

207 2995 336 3062 factum
367 3001 425 3074 est,
457 3000 496 3061 ut
524 3017 576 3062 res
605 3017 626 3061 a
648 2997 693 3062 M.
718 2995 852 3063 Vinicio
878 3018 968 3064 anno
990 2998 1097 3085 primo
1120 3020 1151 3085 p.
1178 2997 1254 3064 Chr.
1278 3020 1312 3066 n.
1342 2996 1379 3063 in

209 3101 390 3168 Germania
412 3101 618 3168 mediocriter
639 3109 749 3190 gestas
772 3109 1046 3170 commemoraret
1067 3103 1120 3190 (of.
1143 3127 1175 3191 p.
1203 3103 1267 3191 58),
1288 3125 1377 3191 prae-

209 3207 390 3274 clarissima
412 3213 526 3274 autem
549 3209 636 3274 facta
658 3210 818 3277 avunculi
849 3210 929 3291 eius,
957 3231 1044 3296 quae
1066 3211 1245 3277 memoriae
1270 3211 1379 3298 prodi·

209 3313 258 3380 dit
286 3313 351 3380 Dio
374 3317 427 3393 53,
460 3316 513 3395 26,
537 3315 711 3382 omitteret.
758 3316 871 3402 Atque
902 3316 1018 3383 eadem
1053 3316 1094 3383 de
1123 3338 1224 3383 causa
1256 3317 1379 3384 oblitus

209 3427 258 3486 est
289 3441 547 3488 commemorare
582 3427 615 3488 et
648 3422 684 3490 Ο.
709 3422 814 3488 Sentii
841 3422 1013 3489 Saturnini
1041 3430 1236 3488 ornamenta
1263 3423 1378 3490 trium-

208 3525 324 3612 phalia
349 3526 424 3613 (Dio
447 3529 502 3608 55,
527 3527 581 3615 28)
606 3535 639 3594 et
662 3528 773 3595 Plauti
795 3528 922 3596 Silvani
953 3535 986 3594 et
1015 3527 1055 3594 A.
1083 3528 1243 3595 Caecinae
1268 3529 1380 3596 Severi

208 3630 260 3720 (cf.
287 3654 319 3719 p.
349 3631 411 3720 66).
467 3633 587 3720 [Quem
620 3635 825 3721 Agrippinae
866 3635 1063 3702 familiarem
1107 3636 1209 3701 fuisse
1250 3657 1292 3701 ex
1337 3637 1377 3701 iis

208 3739 290 3806 locis
313 3760 397 3825 quos
421 3739 516 3806 affert
538 3741 725 3822 Abraham,
764 3763 834 3822 non
868 3742 1053 3821 conficitur;
1092 3743 1175 3828 quin
1209 3742 1308 3807 etiam
1342 3743 1379 3807 in

209 3844 333 3912 Tiberii
366 3845 509 3931 gratiam
542 3846 734 3932 loquentem
769 3869 846 3913 eum
869 3848 949 3914 facit
971 3847 1106 3914 Tacitus
1129 3869 1206 3913 ann.
1230 3848 1290 3928 III,
1317 3847 1376 3935 la]

207 3952 325 4040 Neque
358 3951 519 4018 Seianum
556 3960 742 4020 ‹rectorem›
773 3954 883 4020 Druso
904 3954 941 4020 in
965 3954 1195 4041 componenda
1219 3954 1378 4022 seditione

207 4058 354 4125 militum
388 4079 478 4125 anno
512 4060 554 4125 14
587 4059 733 4128 adfuisse
767 4060 890 4142 scribit,
925 4062 960 4128 id
994 4060 1086 4148 quod
1108 4061 1243 4128 Tacitus
1269 4060 1378 4127 reddit

208 4184 286 4230 ann.
303 4165 329 4245 I,
347 4166 401 4242 24,
425 4164 483 4232 sed
503 4164 613 4231 solum
635 4166 792 4233 Blaesum
818 4170 1030 4254 «angularem
1052 4169 1159 4235 Drusi
1181 4171 1375 4235 adiutorem»

208 4270 362 4356 appellat.

1243 4397 1272 4435 5*
