3266 4918
720 239 940 302 ,22-

240 455 370 520 pressus
393 434 598 514 triumphum,
627 455 717 514 queru
741 433 917 510 distulerat,
949 433 1011 516 epit
1035 433 1295 514 prosequentibus
1322 435 1416 499 etium

242 543 361 626 lequtis,
385 541 499 623 quibus
522 541 732 620 triuuqoloolio
751 545 937 604 oruorueuto
959 540 1180 618 impetrarat».

333 644 502 723 Quoniam
526 643 678 709 Tiberius
712 642 792 708 inde
824 643 868 708 ab
897 663 988 708 auno
1013 644 1054 708 12
1077 642 1165 709 bella
1186 664 1298 729 gerere
1321 645 1418 710 desiit

242 759 276 818 61
297 753 424 817 Romae
447 755 598 818 versatus
621 769 736 815 curam
769 768 969 835 operamque
999 750 1036 814 in
1067 749 1256 835 republica
1277 750 1416 817 admini-

243 857 379 925 stranda
401 856 521 942 posuit,
547 854 694 922 Velleius
720 856 783 920 122
805 852 841 919 id
863 854 941 940 agit,
976 859 1016 920 ut
1042 861 1075 919 et
1097 856 1205 921 exitus
1228 857 1271 922 sit
1294 856 1416 943 dignus

241 963 341 1030 rebus
365 963 407 1028 ab
431 962 488 1027 illo
515 961 594 1026 foris
623 961 724 1046 gestis
747 965 781 1026 e't
809 959 944 1026 initium
968 960 1110 1047 dignum
1133 962 1182 1042 iis,
1219 983 1306 1047 quae
1339 963 1417 1030 fecit

243 1070 344 1137 domi.
391 1069 509 1152 Itaque
528 1066 790 1132 moderationem
811 1065 980 1152 praedicat
994 1066 1127 1146 Tiberii,
1152 1068 1211 1153 qui
1237 1091 1327 1134 «euru
1349 1072 1419 1134 siue

243 1179 311 1243 ullo
333 1177 528 1241 dubitatioue
549 1181 665 1255 septem
688 1175 864 1254 triuuqoltos
886 1175 1074 1250 meruerit»,
1109 1173 1217 1239 tribus
1240 1180 1418 1240 contentus

102 1353 106 1362 ,
226 1283 352 1347 Ι166111.
398 1281 496 1346 Mitto
519 1300 675 1365 quaerere
697 1279 898 1345 merueritne
913 1278 1075 1358 1111611166,
1099 1285 1138 1344 61
1160 1285 1289 1364 praeter
1303 1282 1418 1346 trium·

242 1388 337 1475 phos,
370 1407 455 1471 quos
485 1386 552 1470 egit
574 1384 768 1450 Pannoniae
791 1405 820 1448 6.
846 1387 918 1450 86.
945 1383 1022 1449 Chr.
1046 1407 1080 1451 6.
1105 1384 1202 1472 (Veli.
1226 1386 1269 1466 Π,
1295 1389 1347 1466 96,
1373 1384 1415 1473 3),

245 1493 443 1558 Germaniae
466 1512 494 1556 a.
521 1494 539 1556 l
564 1512 592 1557 6.
618 1489 694 1555 Chr.
719 1511 752 1555 n.
778 1487 873 1576 (Vell.
898 1491 941 1570 H,
966 1493 1019 1568 91,
1044 1489 1086 1576 4),
1117 1491 1241 1576 Illyrici
1263 1513 1293 1558 a.
1319 1495 1360 1557 12
1383 1515 1414 1578 p.

246 1599 321 1665 (ihr.
349 1620 382 1663 n.
418 1596 513 1682 (Vell.
539 1597 582 1676 Π,
609 1599 681 1676 121,
708 1593 753 1682 2),
789 1597 1011 1682 triumpharet
1041 1597 1084 1661 de
1107 1598 1231 1663 oriente
1254 1596 1294 1683 (a.
1320 1600 1362 1664 20
1385 1619 1415 1666 6.

245 1704 322 1774 Chr.
347 1727 395 1782 n.;
419 1703 505 1771 Vell.
522 1703 564 1783 Π,
585 1705 637 1782 94,
663 1701 696 1789 4)
719 1709 752 1768 61
766 1704 808 1768 de
826 1702 1007 1770 Vindelicis
1030 1704 1235 1789 Rhaetisque
1258 1701 1298 1790 (6.
1326 1706 1366 1770 15
1386 1725 1414 1769 a.

246 1810 322 1876 Ohr.
345 1833 394 1889 n.;
419 1809 505 1878 Veli.
522 1810 564 1888 H,
590 1809 642 1887 95,
663 1806 808 1894 16].)-
827 1830 897 1874 non
919 1809 1009 1874 enim
1025 1831 1136 1874 rerum
1151 1817 1224 1875 tum
1247 1816 1416 1895 gestarum

245 1917 393 1982 Velleius
430 1921 500 1981 erat
531 1915 679 2000 aequalis
714 1935 769 1978 -τ
802 1935 854 1980 166
888 1936 909 1980 6
940 1915 1071 1980 Tiberio
1104 1915 1141 1980 in
1169 1915 1347 1981 Germania
1385 1923 1419 1982 et

246 2023 343 2089 annis
366 2023 454 2087 4-5
478 2027 511 2086 61
530 2021 775 2087 6661610-11
792 2027 911 2106 gestas
929 2042 1137 2107 quamquam
1155 2042 1279 2108 magna
1293 2022 1419 2108 proelia,

245 2151 315 2195 non
339 2129 516 2194 6661161666
539 2132 628 2206 6661,
652 2133 767 2192 161666
788 2127 925 2192 idoneas
947 2127 1049 2192 fuisse
1076 2148 1203 2206 cense0,
1228 2129 1417 2213 exquibus

245 2235 507 2320 triumpharetur
522 2231 575 2320 (of.
599 2255 630 2319 p.
658 2234 699 2298 15
715 2229 809 2319 sqq).
856 2232 902 2298 At
918 2232 994 2298 11661
1014 2233 1264 2319 amplificaverit
1279 2235 1419 2319 scriptor

247 2348 347 2426 atque
378 2340 506 2405 auxerit
537 2338 700 2404 hocloco
729 2359 780 2404 166
811 2344 921 2424 gestas
950 2339 1082 2418 liberii,
1111 2346 1198 2406 certe
1226 2361 1304 2406 eum
1339 2340 1416 2406 adu·

246 2447 386 2512 latorem
418 2445 525 2511 dicere
554 2443 732 2510 nonlicet.
779 2444 896 2529 Neque
924 2445 1013 2509 enim
1045 2445 1338 2530 reprehendendus
1369 2452 1422 2511 est

246 2553 284 2617 in
307 2573 354 2632 eo,
390 2550 482 2637 quod
504 2550 609 2615 nimia
642 2571 719 2636 erga
749 2550 983 2636 imperatorem
1006 2571 1106 2616 suum
1129 2551 1251 2636 pietate
1275 2551 1416 2632 ducitur,

236 2653 315 2745 ¹quo
337 2658 419 2738 1666,
444 2663 622 2743 postquam
646 2656 760 2721 omnia
783 2655 877 2721 ducis
901 2655 990 2720 faeta
1013 2655 1198 2742 explicavit,
1223 2679 1326 2742 quam
1349 2658 1419 2723 bre-

247 2767 382 2833 vissime
404 2764 685 2851 praeclarissimas
707 2784 759 2828 res
782 2761 825 2828 ab
849 2783 887 2828 66
909 2769 1019 2848 gestas
1041 2764 1078 2827 in
1093 2765 1289 2829 memoriam
1312 2764 1421 2850 legen-

247 2873 291 2938 tis
313 2871 460 2957 redigere
484 2870 605 2936 studet.
651 2870 822 2935 Praeterea
850 2867 884 2934 61
901 2868 1158 2936 consideraveris
1182 2869 1419 2936 Germanicum

248 2978 407 3045 aTacito
430 2997 508 3043 ann.
533 2978 575 3055 11,
602 2977 644 3041 73
668 2975 852 3061 comparari
875 2996 952 3040 cum
969 2975 1160 3040 Alexandro
1183 2976 1316 3061 Magno,
1341 2976 1422 3042 adu·

248 3085 381 3150 lationis
405 3082 570 3149 Velleium
593 3081 710 3167 utique
730 3081 891 3148 absolves.
938 3080 1092 3146 Ceterum
1115 3081 1286 3147 'liberium
1308 3084 1420 3169 ipsum

249 3189 372 3256 dixisse
394 3188 575 3254 nonnullos
598 3208 669 3253 666
684 3186 874 3272 repudiatos
897 3207 968 3252 esse
983 3187 1170 3271 triumphos
1192 3187 1328 3253 Tacitus
1351 3187 1421 3253 red·

250 3297 299 3361 dit
325 3295 385 3373 ΠΙ,
413 3297 470 3359 41ε
513 3301 600 3376 «post
630 3301 674 3359 161
704 3300 840 3374 receptos
867 3296 903 3358 iu
925 3296 1053 3360 iuoeutu
1085 3301 1142 3360 out
1163 3302 1284 3376 spretos
1307 3285 1423 3360 triuu-

243 3405 357 3485 phos».
405 3400 536 3478 Quibus
559 3399 669 3476 verbis
693 3419 753 3464 cur
773 3397 856 3464 fides
886 3419 954 3463 non
978 3399 1021 3463 sit
1043 3397 1199 3464 habenda
1221 3420 1290 3464 non
1313 3400 1418 3467 video.

340 3506 430 3585 Quid
454 3505 555 3591 egerit
577 3503 730 3570 Tiberius
752 3504 850 3569 annis
869 3506 1008 3583 12-13,
1026 3504 1174 3572 Velleius
1192 3526 1260 3570 666
1278 3526 1422 3571 eomme·

250 3619 359 3678 morat
381 3610 434 3696 (cl.
457 3611 522 3676 Dio
545 3612 597 3690 56,
624 3607 690 3695 28),
727 3609 785 3675 sed
808 3609 981 3676 confestim
1006 3611 1125 3675 1166611
1148 3610 1191 3675 ad
1214 3632 1343 3676 annum
1369 3611 1419 3688 14,

251 3741 318 3804 quo
346 3719 553 3804 Augustus
586 3723 767 3781 mortuus
801 3722 851 3782 est
875 3721 908 3782 61
929 3716 1112 3782 Tiberius
1138 3717 1226 3782 eius
1252 3717 1420 3784 «stutioui»

252 3825 457 3892 successit.
481 3825 599 3908 ltaque
625 3824 688 3887 123
711 3822 882 3887 'liberium
897 3822 934 3886 in
948 3822 1119 3908 Illyricum
1135 3823 1362 3909 proiecturum
1377 3822 1421 3887 ad

251 3932 444 4017 Augustum
478 3929 572 4014 gravi
606 3928 723 3993 morbo
755 3928 913 3994 affectum
945 3935 1136 3996 revocatum
1160 3950 1230 3995 esse
1253 3929 1367 3995 scribit
1390 3935 1423 3993 61

251 4038 288 4102 16
322 4057 517 4122 supremum
554 4055 767 4119 congressum
808 4034 1079 4120 colloquiumque
1113 4035 1184 4100 eius
1222 4035 1419 4120 pervenisse.

252 4141 351 4218 Quod
373 4142 421 4205 ita
444 4161 478 4206 66
500 4140 623 4205 habere
645 4141 737 4206 testis
760 4145 810 4205 661
832 4137 1021 4220 Suetonius,
1045 4140 1104 4226 qui
1119 4139 1205 4225 Aug.
1230 4143 1271 4206 91
1288 4161 1335 4226 sq.
1353 4139 1421 4205 red-

252 4245 301 4313 dit
331 4246 427 4311 haee:
468 4247 651 4312 «Tiberium
684 4246 785 4330 ipitur
807 4248 843 4312 iu
865 4247 1033 4330 Illyricum
1056 4249 1249 4312 dimissurus
1272 4255 1301 4313 et
1323 4246 1425 4312 Beue-
