3266 4918
670 236 885 298 ...41-

193 427 262 492 sint
290 447 409 492 causae
439 425 558 491 allatae
590 446 704 506 necne,
736 428 915 507 examinat,
939 427 1004 492 nisi
1031 426 1122 512 quod
1152 427 1296 512 primam
1319 445 1363 489 re-

193 533 289 612 futat,
314 553 416 618 quam
439 531 639 618 probaverat
660 532 720 612 IV,
744 535 797 598 41.
845 531 911 598 Sed
943 533 1043 598 aliam
1075 553 1212 598 oausam
1243 530 1366 617 profert

193 640 376 717 abscessus,
401 660 478 704 cum
502 638 616 704 scribit
644 638 742 703 haec:
771 641 972 722 «plerumque
994 661 1188 722 permoveor,
1222 659 1300 702 uum
1322 639 1366 702 ud

193 747 300 826 ipsum
322 747 440 826 referri
461 747 567 811 cuius
588 747 631 810 sit
654 747 818 810 saeuitiam
841 766 879 810 cc
901 747 1063 810 libidinem
1091 767 1162 812 cum
1175 749 1271 828 foetis
1288 773 1365 831 pro-

193 858 298 930 meret,
322 853 397 916 lccis
419 853 654 917 occultantem».
700 850 769 915 Nec
796 869 873 918 vero
903 850 1058 917 saevitiae
1090 851 1215 917 crimen
1237 855 1363 920 iustum

194 961 244 1021 est
266 976 376 1040 neque
398 955 555 1022 libidinis.
602 956 756 1041 Namque
779 955 949 1020 liberium
972 975 1041 1020 non
1064 955 1165 1021 modo
1188 979 1257 1024 non
1276 962 1365 1026 saevi

193 1062 321 1147 ingenii
343 1062 454 1141 fuisse,
480 1061 538 1127 sed
562 1063 661 1127 etiam
686 1062 785 1128 saluti
808 1062 985 1127 hominum
1009 1081 1138 1147 semper
1160 1065 1366 1132 consuluisse

194 1167 350 1234 vidimus.
397 1167 629 1233 Libidinosum
661 1173 774 1232 autem
808 1188 884 1232 eum
918 1167 1020 1232 fuisse
1051 1173 1129 1234 ante
1163 1189 1292 1237 annum
1322 1174 1365 1237 23

195 1273 331 1339 Tacitus
360 1274 432 1359 ipse
461 1281 562 1360 negat
583 1274 642 1353 III,
668 1275 724 1340 37:
753 1275 869 1338 «uullis
897 1275 1107 1354 uoluptatibus
1137 1284 1300 1344 coecatus»
1334 1284 1367 1342 et

195 1378 254 1459 VI,
279 1381 335 1445 51:
364 1383 541 1465 ‹epreyium
563 1382 628 1445 uita
649 1381 808 1462 fumoque,
824 1380 930 1461 quood
938 1380 1090 1459 priuatus
1108 1382 1155 1446 uel
1176 1384 1213 1446 iu
1234 1384 1366 1464 imperio

194 1487 253 1552 sub
275 1487 420 1569 Aupusto
449 1488 529 1568 fuit;
561 1488 712 1552 occultum
743 1507 781 1551 uc
809 1485 974 1550 subdolum
1001 1486 1158 1568 fiupeudis
1185 1487 1364 1567 uirtutibus

196 1593 292 1658 douec
328 1592 540 1670 Germuuicus
569 1613 606 1658 ce
637 1591 770 1657 Drusus
800 1592 1016 1673 superfuere».
1072 1591 1189 1676 Neque
1219 1593 1366 1679 intellegi

194 1703 312 1782 potest,
336 1717 403 1782 quo
419 1697 520 1764 modo
543 1697 669 1762 factum
693 1697 744 1775 sit,
769 1703 808 1760 ut
830 1695 992 1773 Tiberius,
1008 1701 1186 1780 postquam
1202 1719 1261 1782 per
1276 1720 1364 1764 sexa-

195 1803 289 1888 ginta
311 1804 461 1888 quinque
483 1823 590 1868 annos
613 1803 734 1869 virtute
758 1802 920 1867 excellens
943 1801 1016 1880 fuit,
1040 1801 1171 1867 libidini
1194 1803 1305 1869 subito
1332 1826 1366 1870 se

195 1907 338 1972 dederet.
372 1908 447 1985 Quo
469 1909 543 1973 loco
561 1908 645 1973 nihil
668 1907 878 1993 cognoscitur
900 1909 965 1974 nisi
987 1908 1146 1993 iniquitas
1162 1910 1278 1990 Taciti,
1296 1912 1364 1996 qui,

196 2012 273 2078 licet
293 2013 365 2099 ipse
392 2014 518 2094 111,31
553 2019 586 2078 et
617 2015 661 2079 59
692 2014 862 2079 liberium
894 2033 984 2079 anno
1010 2015 1051 2079 21
1079 2015 1116 2079 in
1146 2014 1366 2102 Campaniam

194 2119 381 2205 profectum
404 2141 474 2185 esse
497 2119 680 2186 narraverit
701 2119 886 2184 firmandae
909 2140 1010 2185 causa
1024 2119 1235 2202 valetudinis,
1252 2129 1366 2188 tamen

196 2245 309 2290 veram
332 2245 479 2304 causam,
504 2247 563 2291 cur
585 2223 737 2290 Tiberius
761 2223 904 2310 Capreas
932 2224 1132 2306 decessisset,
1162 2233 1366 2294 senectutem

194 2331 296 2396 fuisse
329 2352 399 2395 non
428 2330 633 2396 concesserit,
679 2330 807 2398 Verum
837 2330 1005 2396 enimvero
1033 2331 1113 2416 quia
1139 2333 1285 2418 requiete
1318 2334 1366 2397 in-

197 2436 313 2522 diguit,
347 2436 499 2503 'liberius
530 2436 670 2502 decessit
699 2457 740 2501 ex
763 2436 855 2514 urbe,
886 2440 926 2500 ut
954 2434 1161 2502 adulationes
1184 2437 1313 2524 fugeret
1335 2444 1368 2504 et

195 2542 333 2608 insidias
355 2541 407 2629 (cf.
433 2543 522 2609 Suet.
547 2541 620 2607 Tib.
647 2544 699 2610 28.
728 2543 780 2608 38.
810 2543 867 2621 593
893 2542 956 2606 Dio
972 2543 1025 2621 57,
1050 2544 1080 2608 9.
1107 2546 1147 2607 14
1167 2542 1249 2629 ete),
1277 2565 1388 2630 prae.

196 2649 309 2715 sertim
331 2669 409 2714 cum
432 2648 541 2716 filium
556 2647 720 2714 amisisset
735 2649 884 2712 unicum.
916 2647 1042 2725 Quare
1057 2649 1193 2714 comites
1216 2649 1283 2715 fere
1297 2672 1367 2717 non

195 2754 314 2820 habuit
329 2755 394 2819 nisi
415 2755 576 2820 litteratos
601 2754 641 2819 cf.
659 2755 736 2820 Tac.
757 2775 835 2818 ann.
853 2753 913 2833 IV,
930 2754 986 2831 583
1012 2758 1135 2819 etenim
1151 2756 1217 2820 otio
1239 2776 1273 2820 se
1289 2755 1367 2821 dare
1478 2791 1480 2796 ·

194 2859 300 2926 voluit
321 2860 474 2940 litterato,
499 2881 567 2945 quo
590 2864 739 2925 caruerat
762 2879 804 2924 ex
826 2879 893 2944 quo
908 2858 1029 2924 Rhodo
1052 2860 1193 2926 redierat
1210 2862 1365 2928 Rolnam.

284 2964 380 3042 Quae
402 2985 480 3030 eum
503 2966 551 3030 ita
580 2966 655 3044 sint,
686 2986 756 3030 una
787 2964 975 3051 descriptio,
1008 2985 1154 3050 quacum
1185 2969 1368 3053 comparari

195 3071 300 3158 possit
321 3070 503 3151 Velleiana,
528 3072 656 3157 reliqua
679 3077 728 3137 est
751 3071 898 3137 Suetoni.
942 3071 1011 3149 Qui
1033 3070 1105 3137 Tib.
1129 3073 1171 3137 41
1197 3071 1367 3138 liberium

194 3178 411 3242 immutatum
436 3197 507 3242 esse
529 3176 643 3243 scribit
666 3197 755 3242 anno
780 3179 831 3243 26.
868 3177 979 3262 Atque
993 3197 1045 3242 res
1065 3177 1198 3264 publica
1214 3180 1368 3244 Romana

196 3290 236 3348 ut
257 3283 352 3369 peius
375 3281 672 3362 administraretur,
697 3282 769 3348 fieri
799 3283 969 3369 potuisset,
997 3283 1026 3348 si
1055 3303 1191 3350 revera
1217 3286 1368 3351 Tiberius

194 3409 328 3454 omnem
359 3388 406 3454 rei
433 3387 588 3475 publicae
618 3408 731 3453 curam
756 3389 937 3468 abiecisset,
961 3389 997 3456 id
1027 3389 1119 3475 quod
1149 3391 1262 3455 scribit
1291 3391 1368 3457 Sue·

194 3495 316 3560 tonius.
362 3495 432 3561 Nec
461 3515 539 3562 vero
571 3494 606 3560 id
643 3515 759 3562 verum
787 3500 850 3573 est;
884 3515 1031 3580 namque
1065 3494 1236 3560 Tiberium
1270 3498 1368 3562 annis

195 3620 329 3684 quoque
352 3602 483 3667 26—29
507 3600 731 3687 reipublicae
764 3600 879 3666 sedulo
902 3601 1108 3666 consuluisse
1137 3621 1179 3664 ex
1208 3601 1257 3680 iis,
1282 3621 1369 3686 quae

194 3704 338 3772 breviter
360 3712 598 3772 commemorat
621 3707 756 3772 Tacitus
780 3727 858 3773 ann.
883 3707 942 3787 IV,
959 3706 1088 3786 sr-V,
1106 3709 1137 3786 5,
1163 3707 1243 3772 satis
1261 3712 1369 3792 potest

195 3811 359 3897 cognosci.
405 3813 458 3877 Ita
491 3813 609 3879 deusto
642 3819 756 3878 monte
789 3813 901 3879 Caelio
924 3835 1013 3878 anno
1045 3815 1086 3879 27
1116 3815 1270 3878 homines
1293 3813 1367 3878 sub-

194 3917 318 3986 levavit
343 3921 528 3986 «tribucudo
544 3922 701 4001 pecunius
723 3941 761 3985 eu
782 3921 874 3986 modo
898 3921 1113 3999 detrimeutm3
1138 3919 1178 3984 cf.
1204 3940 1282 3983 ann.
1307 3918 1366 3997 IV,

196 4025 247 4089 64.
278 4025 437 4091 Relatum
453 4031 565 4090 autem
583 4024 693 4090 estad
709 4045 789 4090 eum
816 4045 906 4090 anno
922 4027 964 4092 28
981 4024 1023 4090 de
1037 4045 1139 4091 causa
1162 4025 1230 4089 Titi
1252 4023 1368 4089 Sabini

196 4126 284 4214 (ann.
318 4130 378 4211 IV,
411 4129 555 4216 68-70)
588 4137 621 4195 et
648 4131 685 4195 in
717 4130 948 4216 componenda
978 4131 1155 4197 rebellione
1185 4131 1367 4196 Frisiomm

198 4254 366 4300 summam
398 4237 517 4302 habuit
545 4237 675 4323 imperii
703 4234 793 4324 (ann.
822 4235 881 4317 IV,
908 4235 969 4324 74).
1016 4236 1117 4302 Anno
1150 4235 1295 4320 denique
1325 4238 1394 4324 29Ι
