3266 4918
677 239 894 304 -45-

199 433 315 500 fuisset
346 433 486 510 liberio,
522 431 730 498 Horstmann
765 453 796 517 p.
830 433 961 498 50-55
995 433 1273 500 verisimillimum
1302 457 1373 502 esse

199 539 320 605 docuit.
367 539 525 604 Similiter
547 543 660 603 autem
691 542 792 622 atque
816 538 951 603 Tacitus
974 539 1037 604 Dio
1071 539 1243 606 historiam
1275 561 1370 606 suam

199 646 399 730 composuit;
425 665 572 729 namque
590 649 630 708 ut
644 643 791 723 Tacitae,
816 663 1023 730 quamquam
1048 665 1085 710 ea
1112 669 1211 729 «quac
1226 648 1372 711 derebus

198 752 331 817 urbatus
367 753 477 832 refert,
520 771 558 817 ec
589 753 668 816 actis
700 757 830 816 secatus
853 752 999 831 profecto
1031 757 1125 816 suut»
1161 751 1370 836 (Hoffmann,

197 878 229 943 p.
253 854 384 942 3—31),
408 863 522 922 tamen
556 861 630 920 acta
661 860 797 920 senatus
832 875 902 919 non
934 855 1038 920 oculis
1066 857 1287 942 perlustravit,
1313 858 1370 924 sed

202 986 277 1045 «per
299 971 456 1029 auctorem
479 964 526 1028 cel
548 969 691 1028 auctores
714 983 751 1027 eu
767 963 957 1044 plerumque
974 964 1138 1028 actutu»
1160 961 1369 1048 (Hoffmann,

197 1092 228 1156 p.
255 1064 406 1153 32-51),
430 1069 478 1132 ita
500 1067 573 1147 Dio,
604 1067 662 1152 qui
686 1073 797 1152 aperte
827 1067 940 1132 scribit
963 1068 1015 1146 53,
1043 1071 1083 1133 19
1119 1090 1153 1134 se
1176 1089 1227 1134 res
1250 1069 1371 1135 indes

198 1173 377 1240 Caesarum
393 1173 598 1259 temporibus
613 1179 722 1258 gestas
739 1173 945 1238 conscribere
968 1175 1049 1239 actis
1073 1179 1106 1240 et
1125 1175 1372 1241 commentariis

197 1280 339 1367 publicis
370 1280 527 1364 neglectis
563 1278 643 1345 alios
678 1299 789 1343 rerum
820 1279 993 1364 scriptores
1022 1287 1183 1346 secutum.
1231 1281 1280 1346 De
1303 1303 1370 1367 quo

197 1385 306 1452 Sickel
327 1408 359 1473 p.
384 1388 426 1452 38
449 1385 612 1451 iudicium
634 1385 713 1450 tulit
735 1385 815 1451 hoo:
856 1385 941 1452 «Dio
963 1389 999 1452 tu
1021 1390 1087 1452 otto
1113 1389 1235 1453 Tiberii
1253 1389 1369 1453 descri-

197 1494 296 1558 cuca
322 1494 469 1574 plurimo
499 1527 545 1538 —
575 1513 615 1558 ue
642 1493 747 1557 utram
771 1493 876 1556 cuuto
899 1528 943 1537 -
972 1514 1010 1556 ecc
1032 1515 1094 1558 uuo
1116 1497 1269 1576 acceptare
1290 1496 1369 1560 buu-

197 1601 275 1664 sc'sss
302 1600 446 1676 uidetur,
481 1620 571 1680 queue
598 1619 669 1664 curu
693 1599 768 1664 ultis
798 1598 928 1663 Tacitus
962 1606 990 1663 ct
1019 1598 1187 1666 Suetonius
1220 1602 1368 1666 adbibue-

197 1711 304 1768 ruut».
351 1703 548 1768 Suetonium
582 1702 727 1787 denique
761 1703 883 1786 scripta
915 1702 1107 1768 adhibuisse
1137 1705 1284 1770 hominis
1308 1725 1368 1770 no-

197 1809 273 1874 bilis
296 1816 396 1893 atque
418 1808 577 1887 eiusdem,
603 1809 698 1873 cuius
720 1808 885 1888 Tacitum,
910 1829 1156 1892 cognoscemus,
1181 1812 1209 1875 si
1231 1831 1299 1896 qua
1320 1832 1367 1876 ra·

196 1916 287 1981 tione
310 1935 446 1980 causam
462 1913 607 2000 Lepidae
630 1915 822 1994 narraverit,
846 1914 1173 1982 consideraverimus.
1222 1917 1266 1982 Et
1288 1917 1367 1983 veri-

197 2021 303 2086 simile
327 2027 376 2086 est
398 2021 569 2086 hominem
592 2020 689 2085 illum
704 2020 862 2100 nobilem,
886 2019 946 2105 qui
968 2028 1083 2088 auctor
1105 2029 1175 2086 erat
1197 2023 1365 2101 Suetonio,

196 2129 320 2207 Tacito,
337 2127 447 2205 Dioni,
473 2127 681 2193 consularem
705 2148 782 2193 eum
799 2149 878 2206 esse,
897 2147 999 2212 aquo
1015 2128 1151 2192 annales
1168 2129 1367 2213 compositos

196 2254 266 2298 esse
290 2233 469 2297 Suetonius
499 2240 737 2297 commemorat
751 2233 824 2298 Tib.
843 2234 902 2309 61;
931 2252 1078 2317 namque
1101 2232 1216 2298 eadem
1240 2234 1367 2299 ratione

196 2339 259 2403 hoc
282 2338 354 2403 loco
377 2344 492 2403 auctor
516 2337 654 2404 Suetoni
675 2339 724 2418 iis,
749 2359 835 2424 quae
859 2338 900 2404 de
923 2339 1069 2405 Pacuvio
1092 2340 1271 2404 memoriae
1293 2360 1365 2424 pro·

196 2443 289 2523 didit,
315 2444 560 2509 simulationem
583 2465 622 2509 ac
642 2445 814 2510 saevitiam
831 2443 954 2510 Tiberii
976 2443 1140 2510 illustrare
1163 2443 1274 2511 studet
1298 2465 1366 2530 qua

195 2550 330 2614 Tacitus
353 2570 392 2615 ac
413 2550 487 2615 Dic.

284 2655 360 2733 Quo
394 2656 494 2720 modo
527 2656 700 2721 historiam
741 2657 965 2743 composuerit
1002 2662 1135 2734 auctor,
1179 2657 1207 2720 si
1239 2658 1365 2741 quaeri-

194 2783 280 2837 mus
301 2761 470 2827 laudanda
486 2761 617 2828 videtur
640 2783 711 2827 esse
734 2763 898 2829 sententia
920 2762 1152 2841 Horstmanni,
1177 2763 1235 2847 qui
1251 2761 1293 2848 (p.
1311 2761 1365 2848 56)

195 2887 273 2932 eum
288 2867 497 2932 contexuisse
521 2873 621 2953 atque
647 2868 819 2953 copulasse
839 2874 951 2934 censet
966 2875 1005 2934 ut
1019 2874 1093 2934 acta
1110 2875 1254 2947 senatus
1280 2889 1365 2953 quae

195 2972 326 3038 Tiberio
341 2973 509 3051 favissent,
530 2973 577 3038 ita
600 2974 748 3038 carmina
770 2973 807 3037 in
830 2973 953 3039 Tiberii
981 2974 1140 3039 iniuriam
1163 2975 1250 3038 facta
1273 2981 1305 3038 et
1328 2981 1366 3039 ut

195 3098 242 3158 ea,
268 3098 353 3162 quae
376 3078 466 3142 fama
494 3080 688 3154 nuntiasset,
714 3080 762 3144 ita
784 3100 832 3159 ea,
865 3100 951 3164 quae
972 3080 1044 3165 ipse
1066 3086 1126 3145 aut
1147 3079 1284 3146 vidisset
1305 3087 1366 3144 aut

194 3183 349 3249 audisset.
383 3183 524 3268 Oopiosa
543 3191 628 3250 certe
651 3185 794 3250 auctoris
811 3185 985 3270 descriptio
1008 3192 1093 3263 erat;
1118 3185 1241 3251 etenim
1257 3185 1364 3251 varias

194 3311 271 3356 eum
295 3289 476 3355 sententias
500 3288 674 3375 diligenter
696 3311 903 3377 comparasse
926 3296 1027 3376 atque
1050 3290 1226 3358 adnotasse
1241 3291 1364 3356 intelle·

192 3397 282 3481 gitur
305 3417 346 3460 ex
369 3417 416 3475 ec,
434 3395 525 3481 quod
548 3396 717 3463 variorum
731 3397 878 3462 virorum
895 3397 1074 3461 sententias
1090 3397 1261 3462 nomrullis
1284 3397 1364 3463 locis

193 3503 470 3587 transcripserunt
485 3503 629 3580 Tacitus,
655 3502 728 3581 Die,
753 3501 947 3580 Suetonius3
973 3503 1013 3567 cf.
1032 3502 1140 3568 Sickel
1161 3525 1194 3588 p.
1219 3505 1361 3587 3941.

193 3606 305 3692 Atque
336 3609 559 3693 copiosissime
590 3629 641 3673 res
673 3609 820 3675 narravit
851 3608 987 3674 idoneas
1017 3608 1060 3672 ad
1083 3607 1218 3673 laudem
1241 3609 1364 3674 Tiberii

193 3711 455 3778 diminuendam.
503 3713 601 3790 Quod
624 3719 663 3778 ut
692 3714 754 3779 tibi
782 3713 992 3799 persuadeas,
1025 3720 1153 3798 quanta
1186 3735 1263 3778 cum
1294 3714 1363 3779 dili·

191 3818 304 3905 gentia
319 3838 467 3883 rumores
482 3818 530 3883 illi
549 3820 673 3883 narrati
690 3820 766 3899 sint,
790 3818 979 3898 recorderis
1003 3820 1173 3904 quierant
1195 3819 1237 3884 de
1260 3819 1362 3884 horni-

168 3913 292 3990 nibus
328 3945 349 3988 a
376 3923 507 3989 Tiberio
539 3923 583 4010 (et
606 3946 626 3990 a
648 3922 753 4010 livia)
782 3945 912 3990 veneno
940 3925 1082 4003 necatis;
1115 3924 1155 3989 cf.
1180 3925 1256 3990 Tac.
1283 3945 1360 3989 ann.

191 4029 249 4109 IV,
270 4033 323 4096 ll:
346 4053 461 4114 tueque
476 4033 643 4114 qumquam
657 4033 794 4112 scrutator
809 4039 875 4096 tum
890 4032 1034 4113 iussurus
1050 4033 1160 4110 estitit,
1184 4038 1219 4104 ut
1238 4033 1362 4096 Tiberio

192 4137 363 4216 obtectcret,
387 4159 458 4203 cum
480 4139 587 4203 cuuto
608 4140 674 4203 alic
692 4140 910 4221 couquc'rereut
925 4140 1211 4222 iutcudereutque».
1245 4135 1362 4220 Neque

192 4240 263 4304 sine
285 4241 333 4306 ira
356 4249 389 4306 et
407 4241 517 4308 studio
533 4243 706 4308 historiam
721 4249 837 4308 auctor
851 4242 907 4308 ille
930 4243 1132 4329 conscripsit,
1156 4242 1214 4308 sed
1231 4241 1361 4308 liberio
