3266 4918
694 242 916 303 ..ῃ-

222 439 292 501 tore
316 455 355 500 1ο
377 455 637 520 nonnumquam
667 434 704 500 in
732 433 832 499 rebus
864 433 1043 500 Caesarum
1076 432 1281 519 explicandis
1310 453 1392 498 usus

223 541 277 620 sit,
302 561 337 605 se
360 547 510 619 excusat;
539 540 664 619 11.ΙΙΙ,
690 542 720 619 2,
744 561 776 625 p.
801 541 866 605 272
904 541 962 622 „itt
987 539 1168 625 librarioli
1192 539 1393 625 dicacitates

222 669 272 726 on,
296 668 348 717 um
372 668 407 733 iu
422 648 631 732 sentientem,
656 645 716 730 111
739 648 779 728 io
803 648 855 729 ran
872 646 919 729 tic
942 645 1004 716 orb
1020 649 1058 716 tc
1077 646 1287 731 denuntiate,
1312 645 1394 730 toltit

224 753 257 822 in
280 752 378 837 leiren
401 753 624 838 {titillationem
648 753 720 822 tter
743 752 789 821 bie
813 752 968 837 (baldicius
992 752 1043 822 bet
1067 752 1245 823 Siberiud'.

310 857 404 935 Quae
426 858 564 942 quidem
592 856 633 922 de
656 857 798 922 aliorum
820 856 966 936 iudiciis;
996 858 1060 944 ipsi
1087 879 1179 924 nunc
1209 877 1295 943 quae
1318 856 1394 923 Vel·

220 962 304 1030 leius
334 966 512 1030 memoriae
535 963 724 1051 prodiderit,
759 984 1022 1048 percenseamus.
1069 964 1181 1049 Atque
1204 965 1246 1044 ΙΙ,
1274 966 1347 1042 103,
1374 967 1391 1029 1

221 1069 428 1136 Tiberium
451 1069 572 1136 Rhodo
591 1068 725 1134 rediisse
741 1068 882 1154 legimus
898 1069 1041 1135 Romam
1065 1077 1158 1136 «ante
1174 1070 1240 1136 Gai
1255 1077 1284 1135 et
1298 1071 1395 1134 Lucii

228 1176 404 1242 Caesarum
428 1178 562 1242 obitum»
590 1173 629 1260 (1.
655 1177 723 1260 ip.
741 1173 817 1240 0111.
835 1173 890 1261 11.)
923 1174 1020 1252 Quod
1044 1176 1092 1241 ita
1114 1197 1150 1242 se
1171 1175 1294 1241 habere
1317 1174 1394 1240 Sue-

221 1282 335 1347 tonius
357 1281 493 1366 quidem
514 1287 629 1346 auctor
652 1286 702 1345 est
724 1279 807 1365 (Tib.
829 1277 890 1365 13),
916 1281 1290 1360 11010111111111155,
1310 1281 1352 1345 10
1374 1300 1393 1345 1

221 1392 335 1453 utrum
360 1393 437 1453 ante
463 1393 645 1471 utrumque
669 1384 843 1450 Caesarem
871 1392 1043 1452 mortuum
1076 1387 1245 1452 reverterit
1278 1405 1393 1465 necne,

224 1494 379 1578 cognosci
410 1514 480 1560 non
512 1499 621 1579 potest
653 1492 860 1579 (Xiphilinus
890 1493 1055 1560 consentit
1087 1513 1165 1558 cum
1196 1491 1324 1571 Velleio
1356 1512 1395 1556 ac

221 1597 401 1681 Suetonio).

312 1705 501 1790 Repleverit
532 1703 683 1770 Tiberius
705 1703 827 1770 Rhodo
854 1724 1004 1771 reversus
1027 1705 1170 1789 patriam
1197 1704 1395 1770 «incredibili

220 1811 361 1876 laetitia»
400 1831 513 1888 necne,
549 1811 586 1875 in
613 1809 722 1874 medio
745 1809 1003 1895 relinquendum
1026 1817 1083 1888 est,
1109 1811 1188 1896 quia
1211 1810 1252 1875 dc
1274 1809 1338 1876 hac
1360 1829 1395 1874 re

220 1916 305 1982 alius
328 1917 467 2003 scriptor
489 1937 550 1982 nos
573 1937 642 1981 non
666 1914 787 1981 edocet.
821 1915 901 1981 Jure
924 1921 1037 1981 autern
1060 1916 1230 1982 Tiberium
1254 1936 1274 1981 a
1297 1915 1394 2001 scrip·

224 2028 294 2088 tore
317 2029 350 2088 et
364 2022 428 2089 hoc
443 2021 601 2110 appellari
620 2024 803 2104 «praesidia
821 2024 1044 2104 reipublicae»
1063 2029 1096 2088 et
1111 2022 1183 2088 aliis
1206 2023 1286 2088 locis
1308 2024 1395 2088 ‹cin-

222 2130 321 2194 dicem
345 2131 561 2211 custodemque
571 2131 718 2210 imperii»
745 2125 831 2213 (104,
849 2126 889 2214 2),
911 2130 1059 2195 «tutelam
1081 2129 1228 2211 imperiis
1247 2125 1333 2215 (105,
1351 2125 1392 2213 3),

226 2235 444 2315 «praesidinm
467 2231 732 2319 1111111111(111,
756 2232 803 2321 2),
831 2241 1035 2316 «perpetuum
1060 2243 1232 2316 patronum
1254 2234 1395 2300 Romani

223 2341 370 2421 imperiis
406 2338 500 2424 (120,
526 2337 563 2425 3)
600 2345 699 2404 testes
733 2345 814 2404 sunt
849 2340 949 2405 etiam
984 2339 1163 2406 Suetonius
1195 2346 1228 2405 et
1259 2340 1394 2405 Tacitus

222 2449 258 2508 et
293 2444 365 2509 Dio.
429 2444 581 2522 Quorum
621 2443 800 2510 Suetonius
837 2444 927 2530 (Tib.
958 2445 1016 2530 21)
1055 2445 1208 2531 epistolas
1250 2445 1395 2530 Augusti

221 2549 333 2628 affert,
378 2549 501 2634 quibus
545 2570 623 2615 eum
664 2549 834 2615 Tiberium
878 2557 1091 2636 prosecutum
1137 2571 1208 2616 esse
1253 2550 1395 2615 illustret

229 2661 283 2720 «ut
299 2657 534 2736 peritissimum
564 2657 612 2720 rei
643 2657 796 2721 militaria
827 2663 922 2740 utque
952 2659 1082 2723 unicum
1110 2659 1226 2739 popuii
1255 2658 1395 2723 Romani

219 2763 456 2842 praesidinm».
513 2760 649 2826 Tacitus
686 2767 800 2827 autem
838 2768 938 2848 atque
979 2762 1042 2828 Dio
1083 2763 1254 2828 Tiberium
1292 2762 1394 2828 fuisse

224 2865 375 2930 scribunt
416 2867 611 2931 «subsidium
649 2868 858 2932 dominationi
894 2869 1075 2951 Aequalis,
1120 2869 1161 2933 cf.
1197 2869 1274 2934 Tac.
1313 2890 1391 2934 ann.

220 2971 246 3050 Ι,
276 2973 315 3050 3;
339 2971 403 3036 Dic
426 2972 479 3049 55,
505 2972 562 3037 13:
598 2969 832 3060 «ἐπιθαρσήσας
864 2971 944 3060 (scil.
969 2972 1153 3060 Augustus)
1186 2974 1229 3046 ὡς
1252 2980 1305 3038 καὶ
1329 2976 1394 3040 δια-

220 3079 334 3164 δόχους
356 3081 410 3142 καὶ
433 3081 572 3163 βοηθοὺς
594 3079 675 3164 ἔχων
699 3077 777 3165 (scil.
796 3078 968 3145 Tiberium
986 3085 1086 3164 atque
1110 3076 1391 3163 Germanicumb.

218 3183 329 3267 Atque
361 3183 461 3248 ctiam
489 3183 641 3250 homines
673 3185 847 3251 aTiberio
876 3186 1078 3265 alienissimi,
1114 3186 1173 3272 qui
1199 3189 1392 3266 «saevitiam,

219 3291 461 3368 simulationem,
472 3297 607 3355 secretos
625 3292 793 3358 libidines»
814 3292 946 3357 crimini
960 3291 990 3357 ei
1005 3290 1096 3372 dant,
1120 3292 1161 3357 iis
1176 3291 1391 3378 temporibus,

221 3394 347 3480 quibus
381 3395 517 3460 Tacitus
540 3415 616 3460 eum
654 3400 830 3481 «serapium
851 3400 918 3464 citu
939 3399 1107 3481 famaque»
1146 3398 1247 3464 fuisso
1280 3398 1394 3464 scribit

220 3519 297 3565 ann.
323 3499 416 3579 VI,5
461 3499 580 3587 (usquc
602 3501 646 3566 ad
661 3522 790 3568 annum
817 3505 858 3568 14
873 3526 905 3590 p.
924 3503 1000 3569 Ohr.
1013 3504 1070 3590 n),
1094 3526 1172 3571 eum
1199 3512 1392 3587 «spectatum

219 3607 313 3671 dello»
340 3605 442 3671 fuisse
464 3628 534 3671 non
556 3614 683 3692 negant
704 3605 756 3693 (cf.
781 3609 859 3675 Tac.
883 3630 962 3674 ann.
985 3611 1011 3689 I,
1036 3608 1078 3696 4).

311 3709 378 3775 Sed
406 3713 489 3777 haec
522 3713 644 3779 leviora
671 3721 759 3792 sunt,
795 3714 852 3780 illa
876 3736 952 3783 vero
974 3717 1134 3801 graviora,
1159 3738 1246 3802 quac
1269 3717 1392 3803 scripta

219 3815 377 3901 leguntur
398 3818 441 3897 II,
468 3821 541 3898 103,
566 3822 647 3905 2sq.
695 3820 770 3898 Quo
793 3821 865 3886 loco
888 3822 1034 3906 scriptor,
1067 3842 1275 3908 quamquam
1298 3825 1392 3889 Tibe·

216 3921 304 3986 rium
337 3931 524 3990 consortem
553 3926 680 3992 factum
709 3948 780 3992 esse
802 3927 999 3993 tribuniciae
1021 3929 1192 4014 potestatis
1216 3935 1249 3994 et
1271 3931 1391 4018 adop·

217 4033 349 4093 tatum
372 4029 414 4095 ab
438 4027 591 4114 Augusto
613 4052 704 4097 anno
723 4039 842 4118 quarto
864 4055 896 4120 p.
921 4032 998 4098 Chr.
1023 4056 1057 4098 n.
1082 4035 1298 4101 confirmatur
1320 4043 1391 4103 eta

218 4132 379 4200 Suetonio
401 4133 498 4221 (Aug.
517 4139 574 4216 era
599 4138 672 4204 Tib.
692 4138 745 4225 15)
767 4147 800 4204 et
822 4139 974 4205 aTacito
997 4138 1087 4226 (ann.
1102 4141 1129 4219 1,
1147 4141 1179 4225 3)
1202 4148 1235 4206 11
1249 4162 1269 4207 a
1284 4142 1391 4208 Dione

217 4235 282 4321 (55,
312 4238 370 4326 13),
395 4247 509 4308 tamen
524 4243 561 4307 in
579 4243 796 4310 offensionem
812 4246 909 4310 irruit
924 4246 1070 4311 virorum
1093 4245 1277 4313 doctorum.
1313 4249 1390 4314 Non
