3266 4918
667 225 888 288 „51...

189 419 349 500 Velleius,
386 439 462 484 cum
498 416 670 482 Tiberium
708 439 819 483 «usura
845 419 992 482 utiuistro
1030 424 1060 484 et
1086 419 1231 484 adiutore
1254 417 1363 484 Druso

185 530 355 612 filiosuo»
386 523 634 592 Maroboduum
665 522 789 588 finibus
820 522 985 607 expulisse
1008 522 1152 608 scripsit;
1186 543 1265 588 nam
1289 544 1363 588 con·

189 633 370 698 firmantur
395 651 443 710 ea,
467 650 554 715 quae
593 633 715 708 narrat,
761 647 782 692 a
816 627 930 692 Tacito
977 647 1057 692 ann.
1098 627 1140 706 Π,
1181 629 1233 693 62.
1295 629 1363 694 Suo

190 738 335 823 denique
363 737 434 801 iure
466 735 605 820 scriptor
636 735 708 813 130,
734 735 754 798 3
782 733 954 799 Tiberium
977 753 1110 798 summo
1133 732 1245 800 dolore
1267 735 1362 801 affec·

188 850 264 910 tum
296 863 367 908 esse
402 841 503 907 tradit
534 846 640 907 morte
668 841 770 906 Drusi
803 839 872 904 filii.
917 839 1006 904 Nam
1034 839 1187 924 quamvis
1210 840 1362 907 Tiberius

189 949 358 1016 interdum
382 947 442 1013 filii
469 968 577 1013 mores
609 966 679 1012 11011
715 945 900 1012 laudaverit
930 943 1018 1032 (Tac.
1052 966 1131 1011 ann.
1161 947 1188 1026 I,
1222 949 1280 1025 76;
1318 947 1361 1025 Π,

188 1057 251 1133 44;
286 1054 350 1118 Dio
369 1054 422 1132 57,
450 1050 592 1139 13-14)
615 1089 660 1098 —
684 1051 742 1137 qui
758 1057 844 1115 certe
862 1051 998 1136 pessimi
1012 1071 1082 1116 non
1097 1057 1204 1131 erant;
1229 1073 1310 1118 nam
1333 1059 1366 1118 et

192 1179 332 1224 uxorem
346 1179 443 1224 suam
457 1157 644 1244 liberosque
666 1157 796 1222 Drusus
820 1155 935 1221 dilexit
957 1155 1143 1241 habuitque
1167 1177 1258 1224 caros
1274 1156 1362 1244 (Tac.

190 1285 271 1329 ann.
295 1265 354 1344 III,
379 1261 433 1350 34)
457 1269 490 1330 et
513 1263 712 1343 Germanici,
744 1283 891 1348 quocum
914 1262 1040 1348 optima
1062 1263 1092 1327 ei
1114 1262 1298 1328 intercessit
1320 1264 1364 1330 fa·

192 1370 363 1438 miliaritas
390 1370 479 1456 (ann.
511 1371 554 1450 H,
577 1372 630 1436 43.
656 1371 708 1436 51.
732 1366 796 1456 53),
828 1367 949 1434 liberos
981 1373 1113 1434 mortuo
1134 1374 1227 1454 patre
1259 1372 1365 1436 tuitus

192 1484 242 1542 est
264 1474 354 1563 (ann.
378 1477 437 1558 IV,
454 1474 487 1561 4)
521 1513 563 1524 -
586 1481 700 1541 tamen
723 1474 825 1562 patris
848 1494 960 1539 amore
983 1495 1061 1540 eum
1083 1481 1277 1562 prosecutus
1301 1482 1363 1555 est;

191 1583 232 1648 cf.
262 1583 339 1648 Tac.
370 1603 449 1648 ann.
482 1583 508 1662 Ι,
538 1584 615 1662 521
635 1583 858 1664 «paucioribus
880 1581 1106 1647 Drusum...
1130 1583 1283 1662 laudauit,
1307 1585 1362 1649 sed

191 1691 344 1755 iutcutior
365 1697 395 1754 et
409 1691 479 1771 [ido
495 1693 672 1767 oratioue»;
700 1689 743 1769 II,
760 1688 814 1752 44:
842 1688 1010 1753 «Tiberius
1024 1709 1059 1753 se
1073 1689 1219 1754 tutiorem
1234 1689 1363 1754 rebatur

193 1802 325 1878 utroque
345 1797 412 1876 pilio
435 1797 568 1880 lepioues
590 1795 781 1870 obtinentem
817 1792 876 1872 ΙΠ,
902 1793 960 1858 at:
1000 1794 1058 1859 «ab
1080 1815 1114 1859 eo
1141 1791 1220 1880 (scil.
1245 1791 1365 1879 Druso)

191 1901 226 1964 in
255 1901 333 1966 urbe
361 1902 447 1965 iuter
476 1907 578 1966 coetus
612 1907 641 1964 et
671 1920 828 1964 serruoues
856 1899 1018 1964 homiuum
1045 1900 1225 1964 obversuutc
1247 1907 1366 1965 secretu

187 2008 297 2086 putris
318 2007 499 2088 mitipuri»;
536 2004 599 2069 Dio
612 2005 665 2084 57,
683 2006 742 2069 22:
770 2016 831 2088 «τῷ
851 1999 898 2068 ὑεῖ
919 2002 972 2068 ἅτε
995 2008 1049 2069 καὶ
1072 2009 1153 2089 μόνῳ
1177 2007 1231 2068 καὶ
1252 2009 1366 2091 γνησίῳ

194 2109 254 2176 ὄντι
270 2115 481 2195 aporiatum
506 2111 583 2178 Tac.
601 2131 679 2176 aun.
696 2110 757 2189 Ill,
778 2113 832 2176 56:
862 2112 1054 2177 «Tiberius.
1074 2161 1080 2176 .
1100 2161 1106 2174 .
1131 2112 1229 2176 mittit
1243 2113 1367 2176 litteras

194 2219 239 2282 ud
261 2224 415 2295 sertatum,
439 2218 511 2299 quis
528 2223 715 2297 potestatem
732 2218 937 2283 tribunicium
952 2217 1064 2284 Druso
1081 2217 1207 2298 petebat
1223 2264 1231 2281 .
1250 2269 1257 2282 .
1279 2269 1285 2283 .
1305 2239 1366 2298 quo

192 2329 268 2388 tuuc
291 2324 428 2403 exemplo
454 2323 600 2386 Tiberius
628 2321 776 2387 Drusum
803 2344 944 2388 summae
970 2325 1019 2388 rei
1041 2323 1187 2401 admovit,
1222 2343 1293 2388 curu
1315 2324 1365 2388 iu·

193 2429 307 2494 columi
341 2429 530 2494 Germanico
564 2429 722 2513 iuthruur
757 2431 841 2494 iuter
877 2430 955 2495 duos
989 2430 1147 2494 iudicium
1182 2431 1363 2496 terruisset».

193 2533 306 2618 Atque
336 2532 446 2618 iniqui
476 2532 607 2598 Tiberio
638 2533 857 2599 inveniuntur
888 2543 920 2600 et
943 2534 1121 2601 Suetonius
1144 2532 1228 2620 (Tib.
1254 2532 1308 2619 52)
1332 2542 1364 2600 et

192 2638 328 2705 Tacitus
351 2637 442 2726 (ann.
466 2638 525 2712 IV,
551 2637 592 2724 8),
623 2639 682 2724 qui
705 2660 783 2704 eum
806 2640 913 2706 alieno
936 2641 972 2704 in
995 2640 1103 2706 filium
1126 2641 1239 2706 animo
1261 2640 1364 2706 fuisse

192 2745 351 2826 scribunt,
388 2744 479 2830 quod
502 2765 540 2810 eo
564 2743 721 2810 defuncto
744 2745 791 2810 rei
815 2746 968 2832 publicae
983 2746 1271 2813 administratione
1293 2767 1363 2812 non

191 2850 416 2915 abstinuisset.
447 2850 525 2916 Non
547 2851 637 2916 enim
661 2871 775 2916 curam
794 2852 841 2916 rei
856 2851 1009 2938 publicae
1024 2852 1152 2918 abicere
1166 2853 1362 2938 propinquis

193 2956 333 3020 mortuis
355 2977 428 3021 mos
452 2963 521 3021 erat
543 2957 682 3037 Tiberii;
708 2958 748 3022 cf.
773 2958 837 3023 Dio
860 2959 912 3037 57,
940 2962 989 3023 14.
1015 2960 1072 3036 22;
1097 2959 1150 3034 58,
1176 2960 1206 3023 2.

280 3062 381 3126 Porro
403 3061 551 3128 Velleius
577 3065 695 3144 130,3
730 3063 901 3129 Tiberium
935 3070 1076 3130 mortem
1110 3064 1268 3151 nepotis
1306 3086 1362 3130 «ea

191 3167 302 3234 Druso
333 3189 409 3234 suo»
446 3168 590 3234 doluisse
624 3169 747 3236 scribit:
805 3169 904 3247 Quod
936 3191 1052 3237 verum
1085 3191 1155 3236 esse
1189 3170 1281 3236 testis
1313 3177 1363 3236 est

191 3273 326 3338 Tacitus
349 3293 427 3339 ann.
451 3273 511 3354 IV,
538 3275 597 3340 15:
636 3277 738 3342 «tuem
771 3299 876 3343 oureus
907 3274 947 3363 (a.
973 3275 1026 3363 23)
1049 3279 1112 3343 ulio
1135 3299 1254 3361 quoque
1276 3279 1361 3343 luctu

195 3379 362 3446 Caesarem
391 3382 512 3462 offecit,
551 3383 686 3447 ultorum
715 3404 754 3448 ca
789 3384 923 3466 peruiuis
959 3384 1067 3450 Drusi
1107 3385 1216 3450 literis
1261 3388 1361 3452 eutiu-

188 3486 341 3567 quondo».

280 3589 345 3655 Sed
366 3591 449 3657 haec
470 3612 573 3678 parva
596 3597 683 3672 sunt,
710 3593 882 3659 veniamus
898 3593 939 3659 ad
963 3594 1089 3659 maiora
1105 3601 1145 3674 et,
1169 3616 1237 3681 quo
1260 3597 1360 3663 modo

190 3693 329 3778 scriptor
359 3696 563 3763 mentionem
595 3696 707 3762 fecerit
729 3698 991 3785 Agrippinae,
1007 3700 1210 3768 'Germanici
1236 3706 1358 3780 uxoris,

189 3799 445 3867 consideremus.
492 3802 604 3888 Atque
626 3802 728 3868 verba
751 3805 821 3868 eius
845 3811 925 3871 sunt
947 3805 1042 3870 baec:
1081 3809 1234 3874 «dolendo
1256 3812 1360 3877 adhuc

189 3908 384 3973 rettulimus:
408 3908 595 3974 reuicuduru
619 3910 663 3974 ad
679 3910 887 3976 erubescendo
917 3917 970 3976 est.
1022 3916 1151 3995 quantis
1180 3916 1236 3982 boc
1262 3919 1359 3983 tricu-

188 4014 288 4093 uium,
312 4014 361 4078 M.
387 4013 501 4092 Vinici,
534 4015 693 4080 doloribus
715 4017 866 4081 lacerarit
892 4019 1035 4082 auruum
1058 4021 1146 4085 eius!
1183 4044 1279 4104 quum
1302 4024 1359 4087 diu

190 4119 342 4199 abstruso,
377 4122 461 4201 quod
493 4122 725 4186 misserrimum
759 4129 813 4200 cst,
838 4129 951 4203 pectus
984 4126 1052 4190 eius
1083 4127 1235 4209 stuprarit
1256 4129 1357 4194 iucen-

190 4223 252 4301 dio,
286 4227 369 4306 quod
396 4247 433 4292 eu
459 4247 545 4292 uuru
569 4275 575 4290 .
595 4277 631 4290 ..
668 4227 785 4307 dolere,
819 4229 994 4314 iudiyuori,
1029 4233 1206 4299 erubescere
1236 4241 1358 4301 coactus

1224 4345 1251 4387 4.
