3266 4918
749 1087 919 1186 Vita.

774 1315 881 1324 —.-——

331 1427 530 1493 Franciscus
552 1428 657 1494 Faust
672 1433 771 1494 natus
788 1450 863 1494 sum
880 1428 1082 1496 Buerstadtii
1099 1450 1189 1496 anno
1207 1430 1292 1495 1868
1307 1427 1412 1514 pridie

244 1531 408 1599 Calendas
442 1532 572 1620 Apriles
604 1541 698 1620 patre
729 1535 876 1601 Henrico
909 1540 943 1601 et
979 1542 1085 1602 matre
1122 1536 1223 1601 Anna
1260 1556 1279 1600 e
1314 1541 1413 1621 gente

242 1638 458 1732 Β10011011001.1
501 1640 596 1706 Fidei
619 1640 772 1707 addictus
796 1663 871 1707 sum
895 1641 1085 1708 catholicae.

331 1745 436 1810 Paulo
473 1752 550 1832 post
584 1767 688 1833 quam
723 1748 810 1814 inter
844 1748 1023 1835 discipulos
1062 1749 1229 1835 gymnasii
1269 1747 1411 1814 Benshe·

243 1852 380 1918 ruiensis
402 1859 553 1940 receptus
591 1876 666 1920 sum
702 1875 809 1921 annos
843 1875 964 1923 novem
998 1861 1098 1921 natus
1134 1875 1267 1920 summo
1301 1854 1412 1919 dolore

248 1957 388 2024 affectus
406 1980 482 2025 sum
505 1981 543 2026 eo
566 1959 655 2046 quod
678 1968 771 2049 pater
785 1962 931 2048 optimus
948 1960 989 2027 de
1012 1963 1079 2029 vita
1096 1959 1244 2026 decessit.
1290 1959 1375 2025 Inde
1391 1980 1411 2024 a

242 2086 319 2132 vere
350 2067 432 2132 anni
457 2069 541 2134 1886
564 2069 765 2134 maturitatis
788 2069 977 2135 testimonio
999 2069 1151 2135 munitus
1174 2067 1293 2134 studiis
1310 2066 1412 2154 philo·

244 2171 359 2257 logieis
391 2193 524 2258 operam
555 2174 641 2240 dedi.
689 2174 801 2261 Atque
815 2176 961 2262 primum
977 2175 1113 2261 quidem
1130 2195 1187 2261 per
1206 2175 1290 2241 duos
1305 2193 1411 2239 annos

249 2278 418 2345 Monachii
434 2285 466 2345 et
481 2280 626 2346 Berolini
641 2281 765 2348 civium
781 2281 1046 2349 academicorum
1068 2303 1208 2348 numero
1226 2280 1412 2367 adscriptus

243 2386 373 2452 scholas
406 2386 612 2472 frequentavi
650 2393 683 2454 et
714 2388 815 2454 simul
846 2409 905 2474 per
938 2410 1047 2455 unum
1081 2409 1210 2454 annum
1248 2386 1413 2473 stipendia

243 2491 359 2558 merui.
391 2492 519 2558 Deinde
543 2493 675 2559 Gissam
694 2515 749 2559 me
772 2494 898 2560 contuli
919 2494 1033 2580 ibique
1048 2499 1116 2560 tam
1142 2494 1262 2560 scholis
1277 2493 1413 2559 interfui

244 2619 347 2683 quam
371 2599 661 2666 exercitationibus
680 2601 933 2667 seminariorum
956 2607 989 2666 et
1002 2599 1193 2686 philologici
1208 2605 1241 2666 et
1255 2599 1410 2665 historici.

242 2703 450 2771 Facultatem
473 2704 613 2772 docendi
635 2706 776 2793 adeptus
798 2707 878 2808 inde
900 2727 1051 2774 amensa
1072 2707 1191 2773 Martio
1221 2707 1303 2772 anni
1328 2707 1409 2772 1891

244 2812 421 2878 seminario
442 2812 674 2900 paedagogica
692 2815 783 2900 quod
799 2822 849 2882 est
864 2815 1079 2895 Darmstadti,
1097 2813 1219 2880 sodalis
1238 2814 1411 2882 intersum.

332 2917 603 3006 Praeceptoribus
625 2921 718 3001 111010,
743 2921 822 2988 viris
847 2921 1055 2999 doctissimis,
1078 2920 1201 3008 gratias
1224 2941 1287 3006 ago
1309 2941 1411 3007 quam

245 3025 419 3106 maximas,
442 3025 607 3112 imprimis
630 3025 812 3110 Onckenio‚
835 3028 1012 3115 Philippio,
1036 3024 1246 3096 Schmidtio.

563 4273 675 4357 *cypri
690 4304 714 4346 c.
729 4305 756 4347 r.
772 4305 884 4356 wiuari,
899 4304 1062 4348 armatura.
