3266 4918
764 195 983 259 „52-

162 373 166 392 ’
289 393 367 455 estl»
417 388 548 465 Quibus
572 388 679 454 verbis
702 407 771 452 non
794 387 916 454 iniuste
939 409 1020 454 usus
1043 387 1175 455 videtur
1197 409 1276 455 esse.
1323 390 1460 454 Etenim

288 494 473 581 Agrippina
495 494 619 559 femina
643 499 712 558 erat
734 515 804 558 non
826 493 927 559 modo
948 494 1111 581 regnandi
1135 493 1311 560 sedetiam
1326 487 1461 560 rixandi

288 599 493 679 avidissima;
518 600 558 665 cl.
584 601 661 664 Tac.
686 621 766 666 ann.
789 601 814 680 Ι,
840 602 896 678 33;
929 601 972 680 H,
998 603 1054 679 72;
1079 599 1137 680 Vl,
1164 601 1223 680 253
1254 601 1317 666 Dio
1340 603 1393 680 57,
1418 604 1458 680 6;

288 707 376 772 Suet.
402 705 474 771 Tib.
500 707 551 770 53.
586 704 680 782 Quae
701 704 823 770 laetata
846 711 895 771 est
917 712 1023 772 morte
1038 706 1147 784 Drusi,
1167 706 1290 771 Tiberii
1305 707 1373 787 filii,
1390 729 1464 792 qua

286 813 356 878 suis
378 810 455 878 filiis
478 833 552 898 spes
574 812 751 877 iniceretur
772 812 878 898 regni;
905 812 944 877 cf.
970 812 1047 878 Tac.
1071 833 1151 878 ann.
1173 811 1232 891 IV,
1253 814 1303 877 12.
1343 811 1393 878 Ac
1414 835 1461 878 ne

287 918 403 983 morbo
426 917 562 1002 quidem
587 918 788 985 commoveri
809 919 933 1004 potuit,
970 925 1009 982 ut
1040 918 1166 984 ultione
1189 918 1385 996 abstineret;
1415 919 1458 983 cf.

288 1025 365 1088 Tac.
389 1044 467 1089 ann.
492 1023 535 1103 H,
568 1024 620 1089 75.
667 1024 797 1109 Neque,
829 1025 912 1109 quin
943 1024 1114 1090 Tiberium
1145 1024 1375 1099 insectaretur,
1410 1045 1461 1089 re-

287 1129 384 1194 tineri
399 1129 517 1215 potuit,
556 1129 620 1194 nisi
643 1129 725 1194 dum
747 1128 965 1195 Germanicus
988 1131 1111 1196 coniux
1129 1130 1277 1208 viribon
1313 1131 1354 1196 cf.
1378 1151 1456 1195 ann.

286 1235 312 1316 I,
346 1238 402 1301 33:
443 1238 645 1320 «Aprippina
672 1238 773 1318 paulo
808 1239 997 1315 nominatior,
1036 1239 1102 1302 nisi
1137 1239 1220 1319 quod
1254 1239 1396 1303 castitate
1428 1244 1460 1302 et

287 1345 399 1408 mariti
432 1363 538 1407 amore
572 1343 716 1424 quamuis
749 1343 938 1407 indomitum
973 1344 1117 1408 animum
1144 1342 1185 1407 in¹
1214 1343 1327 1408 bonum
1360 1349 1460 1407 nerte-

288 1449 358 1514 tat»
385 1453 417 1512 et
439 1448 481 1526 H,
509 1449 563 1512 72:
592 1455 678 1512 etum
700 1448 746 1513 ad
767 1469 897 1513 ararem
921 1469 1030 1513 uersus
1053 1446 1132 1533 (scil.
1151 1443 1380 1530 Gerrnanicus)
1398 1497 1404 1511 .
1424 1498 1455 1511 ..

287 1555 397 1632 orarit,
422 1560 548 1619 erueret
567 1555 728 1636 ferociam,
752 1555 904 1618 saeuienti
925 1554 1074 1635 fortunae
1089 1555 1282 1620 submitteret
1305 1555 1457 1632 animum,

289 1682 350 1724 neu
383 1680 526 1742 repressa
560 1661 596 1724 in
629 1660 738 1724 urbem
771 1660 979 1724 aemulatione
1000 1662 1162 1740 potentiae
1188 1661 1359 1725 ualidiores
1380 1661 1459 1724 irri-

288 1772 399 1830 taret».
447 1765 580 1829 Mortuo
609 1771 722 1830 autem
757 1764 897 1850 coniuge
929 1785 1031 1848 quam
1063 1764 1223 1850 plurimas
1247 1764 1377 1830 Tiberio
1405 1785 1457 1828 ex-

287 1870 397 1935 hibuit
419 1870 595 1938 molestias.
628 1870 727 1948 Quod
750 1877 789 1936 ut
810 1871 1000 1949 illustretur,
1025 1872 1105 1936 satis
1128 1877 1178 1936 est
1200 1891 1457 1936 commemorare

287 1997 335 2056 ea,
371 1997 457 2060 quae
492 1983 572 2042 sunt
602 1975 693 2061 apud
725 1975 922 2041 Suetonium
954 1975 1026 2040 Tib.
1053 1978 1095 2042 53
1119 1983 1153 2041 et
1185 1976 1275 2062 apud
1303 1977 1455 2041 Tacitum

286 2103 365 2146 ann.
388 2081 448 2160 IV,
474 2083 615 2146 52-54.
662 2083 774 2166 Atque
800 2083 996 2148 «erubescere
1018 2105 1056 2148 en
1078 2105 1183 2148 nuru»
1214 2081 1384 2146 Tiberium
1407 2103 1457 2146 co·

286 2193 398 2252 actum
423 2209 493 2252 esse
515 2187 717 2274 intellegitur
739 2209 781 2253 ex
803 2187 909 2252 Taciti
932 2208 1009 2252 ann.
1034 2186 1076 2267 V,
1101 2191 1136 2266 4;
1169 2208 1236 2273 quo
1259 2187 1331 2252 loco
1353 2187 1457 2252 homi-

287 2316 371 2359 num
403 2314 584 2360 concursus
621 2293 813 2379 depingitur
848 2293 955 2358 factus
994 2314 1084 2358 anno
1119 2296 1161 2360 29
1194 2293 1236 2358 ab
1271 2293 1455 2379 Agrippina

287 2401 424 2486 eiusque
447 2401 598 2467 factione.

375 2507 444 2571 Nec
469 2527 546 2572 vero
572 2505 673 2571 modo
697 2505 738 2570 de
753 2505 936 2591 Agrippina
959 2527 1037 2572 vera
1059 2504 1206 2571 Velleius
1229 2503 1374 2583 tradidit,
1399 2503 1457 2569 sed

287 2613 387 2677 etiam
410 2611 451 2676 de
474 2613 642 2691 Nerone,
666 2612 734 2676 filio
758 2613 838 2676 eius.
875 2611 983 2688 Quem
1007 2612 1042 2676 in
1066 2631 1178 2675 amore
1201 2610 1331 2674 Tiberio
1355 2610 1456 2676 fuisse

287 2741 327 2783 ex
349 2718 449 2783 rebus
472 2723 505 2782 et
527 2739 548 2781 a
570 2717 728 2783 Suetonio
751 2718 836 2805 (Tib.
862 2714 916 2802 54)
949 2724 981 2782 et
1013 2739 1033 2782 a
1060 2718 1175 2782 Tacito
1199 2713 1287 2802 (ann.
1311 2717 1370 2796 III,
1397 2719 1454 2794 29;

287 2824 347 2900 IV,
378 2827 407 2889 8.
436 2827 485 2888 12.
517 2821 569 2909 15)
603 2823 739 2889 redditis
774 2824 992 2909 cognoscitur.
1039 2822 1106 2888 Sed
1140 2821 1256 2886 eodem
1290 2821 1390 2886 modo
1423 2843 1456 2887 se

287 2929 388 3015 gessit
419 2950 486 3014 quo
517 2935 632 3008 mater,
666 2930 823 2994 conviciis
855 2929 1025 2994 Tiberium
1055 2933 1277 3005 consectatus;
1313 2927 1353 2992 cl.
1378 2928 1452 2993 Tac.

288 3057 365 3101 ann.
395 3035 455 3114 IV,
486 3037 631 3101 59-60:
670 3038 849 3102 «interd-am
877 3056 962 3101 voees
978 3037 1190 3117 procedebant
1213 3040 1406 3100 contumaces
1429 3042 1457 3100 et

287 3143 518 3218 inconsultae»;
547 3141 586 3205 cf.
611 3161 690 3206 ann.
710 3141 753 3220 V,
778 3145 817 3218 4;
842 3137 932 3207 Suet.
956 3141 1028 3206 Tib.
1055 3144 1106 3206 54.
1155 3140 1230 3218 Quo
1258 3140 1331 3206 loco
1354 3161 1456 3224 quam

287 3247 432 3313 invisum
450 3246 620 3312 Tiberium
639 3247 819 3312 habuerint
833 3247 968 3312 Tacitus
991 3253 1091 3332 atque
1107 3248 1294 3327 Suetonius,
1319 3252 1456 3333 quanto-

286 3374 363 3440 pere
386 3352 528 3419 faverint
561 3352 693 3433 Neroni,
729 3355 808 3418 satis
841 3359 950 3438 potest
976 3354 1139 3438 cognosci.
1166 3337 1333 3437 'Uterque
1356 3353 1454 3430 enim,

287 3478 494 3543 quamquam
525 3458 690 3537 Tiberine,
727 3479 804 3524 cum
841 3445 984 3523 honores
1016 3457 1180 3542 quosdam
1211 3458 1324 3525 iuveni
1355 3457 1456 3522 tribui

287 3571 421 3643 vetaret,
458 3564 543 3629 nihil
566 3563 658 3652 aliud
681 3564 746 3628 nisi
773 3564 863 3648 quod
879 3563 1053 3649 Augustus
1081 3563 1159 3628 fecit
1181 3560 1231 3649 (cf.
1257 3563 1346 3628 Suet.
1368 3562 1453 3647 Aug.

288 3672 345 3749 56;
374 3671 437 3736 Dio
462 3671 514 3749 55,
540 3673 569 3736 9.
597 3672 652 3749 12;
685 3669 738 3749 54,
764 3668 828 3756 27),
852 3674 965 3734 tamen
987 3669 1084 3733 illum
1110 3669 1251 3734 Neronis
1274 3667 1456 3733 honoribus

288 3776 445 3843 invidisse
469 3775 595 3854 scribit;
626 3776 666 3841 cf.
691 3775 781 3841 Suet.
806 3776 878 3841 Tib.
903 3777 962 3854 54;
992 3775 1068 3840 Tac.
1093 3796 1172 3840 ann.
1197 3773 1257 3854 IV,
1283 3776 1341 3839 17:
1380 3775 1456 3838 «Ti-

288 3881 393 3947 berius
417 3883 505 3946 haud
527 3904 677 3965 umquam
700 3883 808 3948 domui
831 3882 1155 3947 Germaniciana».

375 3987 540 4072 Deinceps
556 3986 735 4052 dicendum
755 3993 805 4052 est
828 3987 869 4052 de
883 3987 933 4066 iis,
951 4007 1037 4071 quae
1051 3985 1200 4052 Velleius
1218 3987 1290 4065 130,
1308 3987 1329 4051 5
1345 3991 1457 4049 narrat

288 4092 329 4156 de
352 4092 479 4172 Livia,
504 4092 627 4158 Tiberii
649 4100 763 4159 matre.
811 4094 908 4173 Nam,
940 4114 1017 4159 cum
1047 4092 1218 4158 Tiberium
1251 4090 1456 4178 aegritudine

287 4197 446 4264 affectum
474 4219 544 4265 esse
567 4199 676 4264 reddit
698 4199 813 4264 matris
836 4204 953 4278 morte,
979 4219 1089 4284 neque
1105 4219 1183 4264 cum
1207 4197 1366 4264 Suetonio
1382 4217 1456 4262 con-
