3266 4918
680 204 903 268 ..23-

205 407 330 467 ueuturu
352 421 451 482 usque
459 406 689 481 prosecuturus
712 395 791 484 (0011.
817 393 1028 484 Augustus).
1049 447 1055 462 .
1075 447 1081 463 .
1105 398 1282 482 uolpruoutu
1297 399 1379 463 oute-

205 509 316 574 tudiue
338 508 465 572 touoleru
489 507 590 571 Notae
623 507 787 571 succubuit
813 511 1051 586 reuocatumque
1079 525 1117 568 eu
1143 505 1256 569 itiuere
1290 503 1379 569 Tibe-

205 615 292 680 riuru
316 614 373 679 otiu
395 619 510 678 secreto
532 633 673 677 seruoue
696 611 850 676 detiuuit»
884 615 918 675 et
945 608 1019 674 Tib.
1044 611 1104 674 21:
1144 611 1313 676 «Tiberius
1344 611 1381 674 iu

204 719 231 783 I
231 720 377 802 ltpricuru
402 719 567 800 profectus
598 719 707 782 stutiru
742 738 780 782 eu
812 718 927 782 itiuere
960 722 1123 782 reuocatus
1153 718 1220 781 iou
1253 717 1380 798 quideru

205 825 360 906 affectum,
392 826 448 890 secl
471 831 576 890 tuueu
597 825 773 905 spiruuteru
788 824 892 887 adhuc
908 823 1089 905 Aupusturu
1104 824 1244 903 repperit
1256 824 1381 905 fuitque

205 953 272 998 uuo
302 938 417 996 secreto
442 953 506 1012 per
537 936 635 995 toturu
669 930 783 994 dieu».
830 926 895 992 Sed
929 926 1131 992 dissentiunt
1163 927 1206 992 ab
1238 933 1381 1012 utroque

206 1037 363 1122 scriptore
393 1036 457 1101 Dio
486 1040 587 1120 atque
616 1034 761 1100 Tacitus,
809 1032 962 1110 Quorum
991 1033 1055 1111 hic,
1091 1038 1131 1098 ut
1161 1033 1313 1099 omittam
1345 1032 1381 1098 id

206 1140 297 1228 quod
321 1142 435 1208 scribit
461 1142 623 1224 «properis
638 1141 752 1206 ruotris
770 1141 884 1205 titteris
900 1140 1052 1216 accitur»,
1077 1138 1156 1223 quia
1177 1139 1247 1203 fieri
1261 1139 1379 1224 potuit,

206 1255 245 1313 ut
266 1248 441 1334 Augustus
456 1268 594 1313 uxorem
610 1247 739 1312 iuberet
760 1246 868 1311 filium
890 1265 1051 1323 revocare,
1076 1266 1154 1310 ann.
1179 1244 1205 1323 I,
1230 1245 1251 1310 5
1268 1243 1383 1310 scribit

207 1355 266 1421 sic:
306 1357 528 1438 «acquestus
561 1360 753 1434 couperturu
785 1359 838 1430 est,
874 1353 1050 1433 spirouteru
1073 1353 1177 1416 uoltuc
1200 1351 1381 1436 Aupusturu

206 1464 295 1543 opud
326 1463 435 1528 urbem
469 1462 586 1527 Notou
617 1481 660 1525 ou
694 1461 870 1524 euouirueru
892 1460 1069 1540 reppererit
1091 1453 1170 1542 (0011.
1196 1453 1379 1540 ’11100ιὶ001»

205 1572 246 1647 et,
271 1572 310 1632 ut
331 1566 453 1652 legenti
474 1564 672 1652 persuadeat
694 1564 888 1650 Augustum
911 1584 932 1628 a
964 1563 1095 1629 Tiberio
1118 1567 1286 1648 repertum
1310 1583 1382 1628 esse

205 1674 403 1752 exanimem,
429 1693 467 1738 ea
486 1677 599 1736 narrat
618 1691 704 1756 quae
719 1670 815 1737 Livia
829 1676 904 1735 tum
920 1669 1006 1735 fecit.
1034 1668 1094 1734 ille
1117 1674 1231 1733 autem
1254 1669 1308 1746 56,
1327 1669 1380 1745 31,

207 1799 414 1864 quamquam
445 1798 515 1843 esse
544 1775 704 1855 concedit,
736 1776 796 1860 qui
825 1775 939 1840 dicant
972 1777 1223 1858 «παραγενέσθαι
1251 1779 1301 1840 τὸν
1329 1773 1383 1838 Τι-

207 1888 305 1968 βέριον
328 1894 366 1968 τῇ
401 1888 480 1968 νόσῳ
516 1879 606 1948 αὑτοῦ
641 1885 694 1946 καὶ
724 1879 904 1968 ἐπισκήψεις
928 1885 1010 1952 τινὰς
1033 1880 1104 1965 παρ’
1130 1879 1220 1945 αὐτοῦ
1244 1883 1381 1964 λαβεῖν»,

206 1996 321 2055 tamen
350 1990 545 2075 Augustum
576 1993 654 2054 ante
677 1987 801 2053 'liberii
832 1987 1017 2054 adventum
1049 1985 1091 2052 de
1113 1986 1182 2053 vita
1205 1985 1383 2051 (1000001000

207 2096 271 2161 sibi
302 2096 467 2181 persuasit
500 2101 533 2160 et
554 2095 683 2162 Liviam
719 2094 903 2172 timentem,
940 2114 982 2158 ne
1004 2092 1151 2157 Romani
1173 2091 1304 2157 Tiberio
1328 2092 1397 2184 ab'.

210 2206 303 2266 sente
325 2221 377 2266 res
400 2221 505 2267 novas
537 2200 743 2279 molirentur,
779 2204 921 2264 mortem
951 2197 1083 2278 celasse,
1108 2198 1220 2283 quoad
1251 2197 1306 2263 hic
1329 2197 1383 2263 ad·

208 2306 336 2373 veniret
363 2316 477 2370 «ταῦτα
500 2311 558 2390 γὰρ
582 2303 659 2370 οὕτω
682 2315 747 2377 τοῖς
770 2329 802 2370 τε
827 2307 944 2369 πλείοσι
966 2309 1021 2370 καὶ
1043 2316 1107 2376 τοῖς
1131 2303 1384 2388 ἀξιοπιστοτὲροις

209 2415 410 2496 γέγραπται».
457 2411 527 2477 Nec
550 2417 664 2476 tamen
695 2409 842 2475 dubitari
868 2415 986 2496 potest,
1017 2411 1102 2495 quin
1125 2431 1172 2490 ea,
1196 2431 1283 2495 quae
1305 2409 1383 2477 Vel·

207 2516 292 2582 leius
307 2524 409 2602 atque
424 2517 603 2583 Suetonius
623 2517 803 2583 memoriae
825 2514 1053 2602 prodiderunt,
1078 2516 1293 2602 praeferenda
1316 2517 1384 2582 sint

207 2623 325 2689 Dionis
359 2623 571 2709 explicationi
603 2631 636 2688 et
665 2622 781 2688 Taciti.
828 2622 917 2687 Nam
947 2621 1013 2702 hic,
1050 2628 1089 2687 ut
1121 2623 1158 2687 in
1190 2623 1262 2688 aliis
1284 2622 1385 2688 rebus

207 2728 383 2795 narrandis
416 2730 544 2796 alienus
577 2736 647 2795 erat
676 2751 697 2794 a
726 2728 868 2808 Tiberio,
901 2729 949 2793 ita
978 2729 1014 2793 in
1037 2727 1102 2794 hac
1124 2729 1263 2793 materie
1286 2728 1385 2814 expli·

209 2834 316 2900 canda
338 2835 369 2901 ei
391 2841 441 2900 est
463 2836 611 2921 iniquus.
654 2835 772 2919 Neque
795 2835 885 2900 enim
910 2855 1052 2920 eaquae
1074 2834 1178 2913 affert,
1202 2839 1242 2899 ut
1263 2834 1386 2920 legenti

208 2940 405 3024 persuadeat
439 2942 633 3028 Augustum
663 2963 683 3008 a
717 2942 848 3007 Tiberio
880 2943 1070 3008 exanimem
1107 2961 1178 3006 esse
1206 2947 1384 3026 repertum,

209 3043 311 3110 ullius
327 3052 407 3111 sunt
422 3049 593 3128 momenti,
610 3047 701 3134 quod
717 3048 787 3113 veri
802 3052 852 3113 est
868 3047 1077 3113 simillimum
1090 3047 1220 3113 Liviam
1232 3046 1385 3111 homines

209 3149 253 3215 ab
277 3151 423 3238 Augusti
457 3153 557 3218 domo
588 3154 816 3240 prohibuisse,
852 3160 891 3219 ut
922 3152 1106 3219 valetudini
1136 3153 1207 3218 eius
1236 3158 1387 3240 parceret

208 3252 260 3341 (01.
295 3256 423 3326 Sievers
452 3281 484 3345 p.
515 3257 577 3345 12).
635 3260 698 3325 Dic
731 3265 845 3325 autem
876 3259 992 3324 eodem
1029 3279 1097 3343 quo
1126 3259 1262 3324 Tacitus
1294 3259 1386 3324 fonte

208 3363 273 3428 hoc
296 3362 369 3429 1000
391 3385 474 3430 usus
490 3365 619 3430 minore
635 3385 713 3430 cum
730 3365 902 3450 diligentia
919 3385 997 3430 eum
1013 3364 1186 3450 exscripsit
1201 3362 1253 3451 (01.
1270 3364 1385 3430 Horet-

210 3468 351 3535 mann²⁰
373 3492 405 3556 p.
433 3473 474 3536 19
498 3476 531 3536 et
553 3467 626 3556 22);
652 3471 712 3556 qui
734 3471 810 3536 fons
834 3493 937 3557 quam
960 3471 1098 3556 iniquus
1121 3470 1253 3536 Tiberio
1275 3470 1383 3549 fuerit,

210 3574 275 3639 alio
298 3574 371 3640 1000
392 3577 618 3643 ostendemus.
648 3577 718 3642 Nec
740 3598 818 3646 vero
841 3577 942 3642 modo
958 3577 994 3642 in
1017 3582 1123 3642 morte
1145 3576 1291 3662 Augusti
1313 3597 1385 3641 nar-

210 3679 316 3744 randa
347 3680 483 3746 Tacitus
512 3687 614 3767 atque
636 3683 701 3748 Dio
728 3704 748 3748 a
771 3682 899 3750 Velleio
921 3683 1120 3769 discrepant,
1145 3681 1202 3746 sed
1226 3681 1326 3747 etiam
1349 3682 1384 3746 in

209 3785 338 3852 ratione
360 3785 587 3866 describenda,
611 3809 697 3872 quae
712 3788 760 3854 illi
782 3789 1003 3855 intercesserit
1026 3809 1104 3854 cum
1120 3787 1261 3854 Tiberi0.
1297 3788 1385 3854 Nam

210 3889 358 3958 Velleius
374 3889 545 3957 Tiberium
569 3914 703 3959 summo
725 3895 762 3959 in
784 3915 897 3960 amore
920 3915 959 3962 ac
980 3895 1092 3960 favore
1107 3894 1261 3979 Augusto
1284 3894 1386 3959 fuisse
1435 3889 1437 3895 ⁸

209 4002 323 4062 narrat
353 3994 406 4084 (cf.
441 3999 514 4077 123,
548 4000 569 4064 2
606 4002 786 4066 «carissimi
818 4003 880 4067 siti
911 3997 1089 4085 spiritum),
1115 3998 1249 4064 Tacitus
1273 4004 1385 4064 autem

211 4096 299 4185 (ann.
325 4101 351 4182 I,
377 4099 410 4188 5)
434 4108 466 4168 et
488 4103 552 4168 Dio
576 4101 639 4189 (56,
664 4104 721 4192 45)
753 4111 888 4172 tantum
922 4106 1025 4185 abest,
1059 4112 1098 4171 ut
1128 4104 1385 4170 familiaritatem

210 4204 344 4273 Tiberio
375 4228 454 4274 cum
477 4208 631 4296 Augusto
663 4210 887 4278 intercessisse
909 4212 1108 4299 putaverint,
1137 4217 1176 4276 ut
1198 4229 1322 4296 magna
1345 4229 1387 4273 ex
