3266 4918
708 233 752 240 .-
798 196 929 258 61⁸*-

233 391 429 471 referuntur‚
459 389 673 468 considerem,
699 388 828 468 deinde,
854 407 940 473 quae
955 386 996 450 de
1018 385 1131 451 labore
1146 405 1312 471 operaque
1331 409 1406 452 oon-

234 497 426 584 sumptisin
442 495 626 583 republica
648 493 922 572 administranda,
946 499 1030 573 tum,
1055 513 1142 578 quae
1165 492 1206 557 de
1233 495 1405 559 «uirtutum

233 606 478 670 aestimatione».

320 709 437 794 Neque
459 707 537 773 ficta
560 713 640 773 sunt
655 728 701 786 ea,
727 727 813 791 quae
835 706 876 771 de
891 704 1003 771 Seiani
1018 705 1124 771 forma
1147 709 1248 790 atque
1270 705 1407 791 ingenio

232 814 380 880 Velleius
402 813 572 902 praedicat
603 812 690 899 (127,
717 810 829 898 3-4);
863 812 1104 878 confirmantur
1134 810 1224 876 enim
1248 833 1268 876 a
1290 810 1407 876 Tacito

231 919 321 1008 (ann.
345 921 404 1001 IV,
432 920 470 1007 ll,
505 921 659 1006 quamvis
689 920 792 986 huius
823 918 924 985 verba
952 925 1053 1004 atque
1076 917 1165 984 illius
1189 918 1296 1004 specie
1318 918 1407 983 inter

232 1047 267 1092 se
290 1048 359 1091 non
382 1034 578 1112 congruant.
625 1026 724 1104 Quod
757 1032 796 1090 ut
825 1024 997 1104 illustrem,
1032 1025 1206 1110 utriusque
1229 1023 1330 1092 verba
1353 1045 1407 1089 ex-

231 1133 388 1198 scribam:

360 1239 457 1327 (Vell.
484 1243 556 1320 127,
581 1238 680 1326 3-4)
972 1237 1059 1324 (Tac.
1085 1259 1163 1303 ann.
1187 1238 1246 1317 IV,
1274 1236 1304 1324 1)

278 1349 402 1429 «ipsum
425 1369 496 1412 aem
519 1344 599 1432 (scil.
620 1344 790 1431 Seianum)
892 1366 1025 1426 «corpus
1053 1342 1131 1428 (soil.
1164 1341 1294 1429 Seiano)
1321 1345 1405 1409 laba

229 1453 346 1518 laboris
369 1474 407 1518 ac
433 1454 511 1534 fidei
539 1454 789 1533 capacissimum,
843 1473 916 1517 rum
948 1453 1094 1530 toleraus,
1127 1453 1270 1516 auimum
1303 1452 1405 1516 audo-

229 1560 404 1640 sufficieute
431 1562 525 1625 etiam
554 1560 655 1642 uipori
689 1560 791 1623 auimi
843 1579 930 1624 cem.
953 1610 959 1622 .
979 1583 1005 1622 .»

230 1686 374 1748 compape
389 1667 528 1746 corporis
546 1715 552 1729 .
571 1716 576 1727 .
597 1716 602 1727 .
623 1666 729 1728 uirum
744 1685 790 1729 se·
891 1663 1047 1730 «Sciamus
1081 1666 1134 1729 sui
1168 1665 1325 1746 oltcpms,
1366 1665 1401 1726 iu

229 1774 372 1838 ueritatis
394 1773 592 1849 laetissimae,
615 1771 790 1835 hilaritatis
842 1773 921 1837 alios
937 1773 1137 1850 criminatam
1152 1772 1244 1834 iuxta
1260 1769 1404 1833 adulatio

223 1879 362 1958 priscae,
380 1885 452 1943 actu
471 1878 577 1942 otiosis
591 1879 788 1942 simillimum
842 1885 871 1942 et
893 1879 1051 1958 superbia,
1078 1878 1192 1958 palum
1215 1876 1404 1954 compositus

229 1985 310 2048 uilil
347 1984 410 2048 sibi
451 1984 662 2048 vindicantem
696 2004 788 2064 eoque
835 1986 960 2066 pudor,
1010 1985 1096 2048 iutus
1133 2003 1257 2046 summa
1296 1982 1403 2060 adipi-

228 2091 447 2172 adsequeutem
470 2091 584 2167 amaia,
608 2109 788 2170 semperque
840 2091 948 2156 scemli
994 2090 1100 2166 liliola,
1143 2089 1271 2169 eiusque
1303 2106 1400 2151 causa

228 2197 318 2276 iufra
341 2197 479 2260 aliorum
502 2196 733 2259 aestimationes
755 2215 787 2258 se
840 2198 930 2261 morlo
945 2195 1072 2277 larpitio
1088 2199 1116 2258 et
1138 2193 1242 2271 luuas,
1265 2194 1394 2274 saepius

228 2303 411 2379 metientem,
440 2301 529 2365 uultu
552 2303 677 2382 uitaque
700 2307 787 2365 trau·
841 2303 1005 2367 iudustriu
1039 2320 1076 2364 ac
1101 2300 1278 2381 uipilautia,
1311 2300 1401 2364 laud

228 2407 368 2487 puellum,
394 2409 498 2472 auimo
522 2429 726 2473 eusomuem».
841 2408 1080 2483 miuusuom'ae,
1097 2407 1238 2487 quotieas
1248 2405 1401 2484 puraudo

841 2535 934 2596 repuo
956 2515 1154 2596 fiupuutum.

314 2617 544 2704 Discrepantia
566 2617 667 2703 igitur
690 2624 781 2684 extat
802 2620 889 2683 inter
904 2618 1058 2684 Tacitum
1083 2623 1115 2682 et
1137 2614 1304 2710 Velleium
1328 2635 1398 2679 non

224 2745 336 2788 rerum
368 2723 426 2788 sed
457 2722 635 2791 verborum
664 2730 697 2788 et
718 2724 928 2790 iudiciorum.
976 2723 1074 2800 Quod
1098 2722 1221 2787 mirum
1244 2727 1395 2785 nonest.

225 2829 379 2913 Namque
402 2828 457 2894 hic
480 2829 638 2894 Seianum
663 2828 821 2915 depinxit,
846 2830 954 2915 qualis
977 2828 1110 2914 publice
1133 2824 1400 2912 conspiciebatur

226 2954 332 3017 usque
355 2932 398 2998 ad
421 2955 550 2999 annum
572 2935 867 3000 undeuicesimum
882 2957 914 3021 p.
932 2935 1008 3000 Ohr.
1033 2956 1077 3014 n.,
1102 2953 1211 3018 neque
1233 2932 1393 3011 Drusum,

225 3039 348 3104 Tiberii
379 3039 495 3119 filium,
527 3041 570 3106 ab
605 3063 643 3106 eo
677 3062 806 3107 veneno
843 3037 989 3106 occisum
1020 3061 1091 3106 esse
1115 3037 1271 3124 cognovit
1293 3036 1395 3123 (Suet.

225 3145 297 3210 lib.
322 3147 379 3221 62;
406 3145 483 3211 Tac.
508 3167 587 3212 ann.
611 3147 670 3226 IV,
697 3149 731 3226 8;
755 3148 819 3212 Dio
843 3149 895 3226 57,
922 3149 979 3225 22;
1005 3148 1056 3212 58.
1081 3144 1132 3232 11)
1155 3165 1264 3229 neque
1280 3143 1397 3229 Agrip—

223 3251 349 3336 pinam,
375 3272 513 3316 uxorem
538 3251 737 3332 Germanici,
763 3254 901 3338 eiusque
923 3252 1008 3317 filios
1040 3253 1076 3317 in
1109 3252 1280 3317 Tiberium
1317 3249 1396 3314 inei-

224 3362 318 3436 tatos,
343 3363 382 3422 ut
404 3358 469 3443 ipsi
492 3378 527 3423 se
548 3357 723 3444 perderent
746 3356 846 3445 (Suet.
871 3358 943 3423 Tib.
969 3359 1021 3424 55.
1047 3361 1103 3437 61;
1128 3357 1205 3422 Tac.
1230 3377 1307 3421 ann.
1332 3354 1394 3435 IV,

225 3463 277 3530 54.
302 3462 447 3550 59sqq.).
494 3465 554 3530 Ille
590 3473 701 3531 autem
734 3466 915 3551 imaginem
948 3465 1058 3531 Seiani
1087 3465 1251 3550 depinxit,
1285 3469 1395 3554 qualis

224 3576 293 3632 erat
323 3590 431 3653 usque
460 3569 503 3634 ad
533 3571 705 3636 interitum
734 3569 836 3658 (anno
858 3571 1024 3636 tricesimo
1054 3571 1162 3655 primo
1189 3594 1220 3657 p.
1247 3572 1323 3640 Ohr.
1347 3574 1397 3662 n.)

222 3674 276 3740 vel
305 3674 415 3738 dicam
444 3674 552 3759 qualis
584 3683 660 3762 post
692 3683 836 3742 mortem
867 3677 1011 3741 inhaesit
1046 3678 1224 3742 memoriae
1254 3680 1393 3759 civium;

222 3801 302 3844 nam
338 3785 370 3844 et
401 3779 549 3845 Drusum
580 3781 624 3846 ab
657 3803 694 3847 eo
724 3782 936 3848 interfectum
959 3787 992 3846 et
1013 3783 1233 3868 Agrippinam
1257 3786 1395 3871 eiusque

221 3886 306 3952 filios
335 3886 549 3952 conturbatos
577 3908 647 3953 esse
671 3893 878 3974 compertum
900 3887 1033 3966 habuit;
1057 3899 1225 3972 praeterea
1247 3891 1300 3958 vel
1321 3892 1394 3976 ipse

222 3993 298 4058 odio
335 3992 416 4058 arsit
446 3991 565 4074 Seiani,
605 3994 751 4059 hominis
785 3993 865 4059 novi
899 3991 951 4079 (of.
987 4013 1066 4058 ann.
1090 3993 1149 4073 IH,
1181 3996 1237 4073 29;
1273 3995 1333 4074 IV,
1370 3999 1393 4061 3

225 4099 432 4180 ‹muuioipali
463 4098 640 4186 adultero»)
680 4100 734 4167 vel
767 4104 902 4164 auctore
936 4120 1019 4164 usus
1054 4105 1103 4164 est
1134 4100 1178 4164 ab
1213 4120 1250 4164 eo
1282 4100 1393 4166 alieno

222 4199 279 4286 (ita
308 4202 466 4270 Seianum
504 4204 708 4291 Agrippinae
745 4207 883 4290 eiusque
921 4205 1032 4270 liberis
1069 4204 1229 4270 institisse
1267 4205 1391 4286 scribit,
