3266 4918
698 239 918 303 -15„.

222 435 353 521 μηδενὸς
376 432 434 506 ἔξω
459 443 510 496 τοῦ
535 439 714 519 τεταγμένου
738 441 792 518 τῆς
816 429 976 516 στρατείας
996 436 1081 520 σφίσι
1095 439 1206 517 χρόνου
1230 429 1311 497 ὅπλα
1334 435 1392 497 λα-

222 543 283 623 βεῖν
307 536 503 610 ibaldum».
549 537 638 604 Num
661 537 816 622 quamvis
839 537 961 603 milites
985 544 1070 603 sorte
1093 559 1155 603 sue,
1177 559 1247 603 non
1269 537 1392 603 fuerint

222 644 377 722 contenti,
401 649 515 708 tamen
538 649 680 730 possunt
704 643 850 709 venerati
873 665 944 709 0000
967 643 1096 709 ducem.

310 750 359 815 Ac
382 771 425 815 ne
448 769 487 814 00
509 748 645 834 quidem
668 755 810 835 possunt
832 749 965 834 probari
996 769 1082 834 quae
1111 749 1225 815 scribit
1252 748 1393 834 Stnnger

221 858 334 925 verbo:
374 859 467 923 «item
489 859 519 923 si
541 856 722 922 memimris
745 858 866 921 eosdem
889 857 1012 935 milites,
1037 876 1114 938 quos
1136 856 1294 940 siuqulari
1316 877 1392 938 erpa

225 965 386 1030 Tiberium
400 965 505 1030 staelio
521 970 587 1028 tum
603 963 729 1042 affectos
741 962 844 1043 fuisse
866 961 1000 1026 Velleius
1015 962 1101 1040 dicit,
1122 968 1232 1042 postea
1248 962 1391 1045 Auqusto

221 1070 367 1151 defamata
396 1075 506 1134 coatra
532 1068 695 1132 Pideriam
727 1068 890 1132 rebellasse
915 1067 1165 1149 Germaniaeque
1187 1087 1319 1150 requam
1342 1068 1392 1132 ob·

222 1177 339 1254 tulisse,
362 1178 429 1241 iam
448 1175 582 1240 Velleius
604 1195 667 1240 mom
690 1174 795 1238 dicam
817 1174 955 1237 meadaa
977 1180 1012 1237 01
1034 1179 1114 1238 certa
1136 1173 1256 1238 aimius
1278 1172 1394 1236 imilla

216 1283 458 1363 praedicatiore
486 1281 697 1346 immistum.
744 1279 861 1363 Neque
893 1279 993 1357 enim,
1028 1283 1068 1343 ut
1090 1277 1243 1343 omittam
1266 1297 1391 1355 causas,

223 1409 282 1453 cur
304 1387 450 1472 legiones
480 1405 569 1451 anno
595 1388 638 1450 14
659 1407 692 1471 p.
717 1384 793 1450 Ohr.
826 1407 860 1449 n.
897 1383 1071 1450 seditiosae
1102 1384 1235 1462 fuerint,
1271 1383 1393 1448 milites

222 1494 286 1558 hoc
319 1493 391 1558 loco
424 1491 675 1558 commemorati
708 1511 799 1557 anno
835 1493 876 1555 14
910 1490 1107 1556 seditionem
1141 1490 1300 1568 fecerunt,
1335 1488 1394 1554 sed

221 1599 375 1664 homines
409 1597 457 1664 illi
491 1597 642 1682 undique
676 1597 862 1682 conquisiti,
898 1596 958 1681 qui
985 1617 1074 1661 anno
1099 1598 1118 1661 6
1142 1595 1185 1661 ed
1209 1595 1335 1661 bellum
1357 1596 1394 1660 in

221 1704 353 1790 Illyrico
383 1704 567 1790 gerendum
596 1702 773 1790 conscripti
795 1708 891 1781 sunt;
928 1702 968 1767 cf.
993 1701 1078 1768 Vell.
1103 1702 1145 1780 Π,
1173 1705 1245 1782 111,
1274 1703 1306 1781 1;
1330 1701 1394 1766 Dio

223 1812 276 1890 55,
301 1814 357 1890 31;
381 1811 460 1876 Tac.
479 1829 561 1875 uun.
586 1810 612 1890 I,
637 1811 694 1874 31:
734 1810 923 1874 «uernacula
944 1809 1120 1886 multitude,
1144 1830 1247 1890 uuper
1270 1815 1337 1874 acto
1359 1810 1395 1874 ia

223 1918 300 1983 urbe
323 1918 446 1994 dilecta,
470 1918 618 1983 lasciuiae
639 1922 739 1993 sueta,
762 1916 906 1980 laborum
928 1915 1132 1980 iatoleraas».

311 2022 410 2100 Quod
425 2021 573 2088 Velleius
596 2040 696 2107 opera
710 2020 834 2085 Tiberii
859 2022 1119 2086 «scelestissima»
1146 2020 1248 2085 fuisse
1271 2019 1394 2098 scribit,

221 2151 260 2195 eo
274 2129 357 2194 fides
372 2149 442 2194 non
457 2127 679 2193 imminuitur.
711 2126 828 2210 Neque
847 2125 1054 2191 adulatorem
1078 2147 1156 2190 eum
1172 2146 1242 2192 esse
1265 2147 1307 2191 ex
1332 2127 1393 2191 hoc

220 2236 297 2300 licet
320 2235 400 2314 erui,
425 2234 585 2319 quoniam
609 2233 652 2298 ab
676 2231 793 2298 eodem
816 2231 1026 2317 appellantur
1048 2233 1091 2312 Π,
1117 2234 1169 2306 35,
1196 2234 1215 2297 2
1240 2233 1285 2297 M.
1311 2232 1393 2298 Cato

225 2344 331 2407 «temo
361 2341 483 2406 Virtuti
511 2341 694 2404 simillimus
722 2345 751 2403 01
771 2360 835 2420 per
863 2339 1116 2420 omuiaiaqeuia
1139 2340 1393 2420 01110000οΙ10-

222 2447 361 2512 minibus
381 2448 548 2527 propior»,
582 2444 624 2518 Π,
655 2444 708 2524 40,
734 2442 838 2508 2011.
863 2443 1042 2528 Pompeius
1069 2446 1396 2526 «0000010100-

220 2575 297 2618 uam
318 2553 455 2618 bominis
478 2571 651 2634 opressus»,
682 2550 775 2627 43,4
797 2548 904 2615 Vetus
916 2548 1089 2614 -Antistius
1123 2552 1192 2615 «eir
1214 2552 1250 2616 im
1272 2557 1396 2616 tautum

222 2660 329 2737 bouus,
360 2660 396 2722 ia
422 2663 577 2739 quamtum
599 2657 740 2721 liumaua
764 2656 953 2736 simplicitas
974 2656 1110 2739 iateViqi
1125 2663 1260 2736 potest»,
1297 2657 1349 2735 60,
1375 2658 1395 2722 2

105 2790 124 2822 κ
222 2761 367 2847 Augusti
383 2761 517 2826 eriirnus
538 2761 728 2839 «caelestis»,
745 2762 798 2839 66,
812 2762 832 2825 3
849 2759 1015 2825 Ciceronis
1031 2781 1068 2824 os
1088 2762 1394 2827 «caelestissimum».

222 2867 398 2954 Proprium
429 2872 479 2931 est
501 2865 609 2932 VeHei
640 2865 917 2951 splendidissimis
945 2865 1055 2931 verbis
1085 2871 1118 2930 et
1139 2886 1190 2930 res
1213 2865 1396 2931 describere

221 2978 255 3037 et
285 2972 438 3037 homines
469 2971 655 3057 depingere.
703 2971 778 3048 Qua
801 2970 945 3036 dictione
969 2992 1047 3036 oum
1069 2977 1226 3051 uteretur,
1259 2973 1397 3058 scriptor

221 3078 334 3144 serviit
355 3077 504 3162 tempori.

311 3182 403 3260 Quas
425 3183 462 3247 in
481 3183 661 3248 Germania
677 3184 829 3250 Tiberius
846 3183 943 3250 annis
959 3184 1048 3248 4-5
1070 3183 1207 3269 gesserit
1228 3205 1290 3262 res,
1307 3183 1396 3249 dein·

221 3309 297 3374 ceps
313 3287 461 3354 Velleius
484 3296 598 3354 narrat
622 3291 805 3355 105-108.
838 3289 903 3355 sed
925 3289 1028 3354 fidem
1043 3289 1080 3354 in
1094 3290 1147 3354 his
1162 3289 1344 3374 quominus
1367 3290 1397 3354 ei

220 3395 391 3475 haberent,
416 3395 515 3461 variis
537 3395 600 3462 viri
623 3395 711 3461 docti
733 3395 892 3482 probibiti
914 3401 994 3461 sunt
1017 3396 1134 3461 causis.
1173 3395 1290 3482 Neque
1306 3396 1396 3461 enim

221 3500 386 3565 consentit
418 3501 570 3585 scriptor,
604 3501 663 3585 001
693 3502 770 3580 105,
807 3503 823 3565 1
854 3500 1026 3566 Tiberium
1058 3522 1147 3566 enno
1177 3501 1396 3587 4Visurgim

222 3606 348 3670 flumen
379 3606 549 3672 transiisse
581 3607 703 3686 scribit,
737 3628 815 3671 cum
838 3607 955 3686 Dione,
989 3607 1124 3692 00155,
1151 3609 1192 3672 28
1220 3628 1298 3671 eum
1325 3629 1396 3692 pro-

222 3732 373 3797 gressum
397 3731 468 3776 esse
490 3712 720 3797 traditusque
747 3712 791 3777 ad
813 3711 1002 3798 Visurgim:
1035 3720 1147 3798 «μέχρι
1173 3723 1224 3777 τοῦ
1247 3723 1394 3798 ποταμοῦ,

215 3823 367 3901 Υπρότερον
402 3822 456 3902 μὲν
488 3827 539 3882 τοῦ
569 3815 768 3904 Οὐισοὺργου,
808 3824 886 3905 μετὰ
916 3819 949 3882 δὲ
982 3828 1068 3883 τοῦτο
1099 3821 1153 3882 καὶ
1184 3829 1235 3883 τοῦ
1266 3815 1395 3902 'Albim

223 3930 470 4010 προεχώρησεν.»
508 3924 638 3990 Deinde
660 3946 739 3991 cum
766 3927 837 4004 106,
863 3924 1010 3992 2verbis
1033 3925 1151 3990 utitur:
1181 3926 1285 4008 «quod
1304 3948 1396 3991 aum-

224 4051 319 4111 quam
351 4037 446 4096 autea
480 4053 535 4112 spe
557 4039 744 4114 conceptum,
780 4035 897 4098 uectum
920 4053 1011 4113 apere
1034 4038 1218 4113 temptatum
1241 4038 1317 4109 erat,
1353 4033 1397 4096 ael

224 4137 571 4218 quadringentesimam
589 4138 766 4202 miliarium
782 4159 803 4202 a
823 4138 933 4203 Rheae
957 4157 1057 4219 usque
1079 4138 1123 4202 ad
1142 4137 1262 4216 flumem
1277 4137 1394 4216 Albim,

224 4241 280 4318 qui
298 4239 487 4308 Semuouum
510 4243 873 4326 Hermundurorumque
893 4245 974 4324 pines
991 4243 1204 4325 praeterfluit,
1239 4243 1395 4309 Romauis
